ORDERNUMBER, ORDERDATE      , SALES   , STATUS    , QTR_ID, MONTH_ID, YEAR_ID, ORDERLINENUMBER, QUANTITYORDERED, PRICEEACH, PRODUCTCODE, CUSTOMERNAME
      10107, 2/24/2003 0:00 ,  2871.0 , Shipped   ,      1,        2,    2003,               2,              30,     95.7 , S10_1678   , Land of Toys Inc.
      10121, 5/7/2003 0:00  ,  2765.9 , Shipped   ,      2,        5,    2003,               5,              34,     81.35, S10_1678   , Reims Collectables
      10134, 7/1/2003 0:00  ,  3884.34, Shipped   ,      3,        7,    2003,               2,              41,     94.74, S10_1678   , Lyon Souveniers
      10145, 8/25/2003 0:00 ,  3746.7 , Shipped   ,      3,        8,    2003,               6,              45,     83.26, S10_1678   , Toys4GrownUps.com
      10159, 10/10/2003 0:00,  5205.27, Shipped   ,      4,       10,    2003,              14,              49,    100.0 , S10_1678   , Corporate Gift Ideas Co.
      10168, 10/28/2003 0:00,  3479.76, Shipped   ,      4,       10,    2003,               1,              36,     96.66, S10_1678   , Technics Stores Inc.
      10201, 12/1/2003 0:00 ,  2168.54, Shipped   ,      4,       12,    2003,               2,              22,     98.57, S10_1678   , Mini Wheels Co.
      10237, 4/5/2004 0:00  ,  2333.12, Shipped   ,      2,        4,    2004,               7,              23,    100.0 , S10_1678   , Vitachrome Inc.
      10251, 5/18/2004 0:00 ,  3188.64, Shipped   ,      2,        5,    2004,               2,              28,    100.0 , S10_1678   , Tekni Collectables Inc.
      10263, 6/28/2004 0:00 ,  3676.76, Shipped   ,      2,        6,    2004,               2,              34,    100.0 , S10_1678   , Gift Depot Inc.
      10285, 8/27/2004 0:00 ,  4099.68, Shipped   ,      3,        8,    2004,               6,              36,    100.0 , S10_1678   , Marta's Replicas Co.
      10309, 10/15/2004 0:00,  4394.38, Shipped   ,      4,       10,    2004,               5,              41,    100.0 , S10_1678   , Baane Mini Imports
      10318, 11/2/2004 0:00 ,  4358.04, Shipped   ,      4,       11,    2004,               1,              46,     94.74, S10_1678   , Diecast Classics Inc.
      10329, 11/15/2004 0:00,  4396.14, Shipped   ,      4,       11,    2004,               1,              42,    100.0 , S10_1678   , Land of Toys Inc.
      10341, 11/24/2004 0:00,  7737.93, Shipped   ,      4,       11,    2004,               9,              41,    100.0 , S10_1678   , Salzburg Collectables
      10388, 3/3/2005 0:00  ,  3207.12, Shipped   ,      1,        3,    2005,               4,              42,     76.36, S10_1678   , FunGiftIdeas.com
      10103, 1/29/2003 0:00 ,  5404.62, Shipped   ,      1,        1,    2003,              11,              26,    100.0 , S10_1949   , Baane Mini Imports
      10140, 7/24/2003 0:00 ,  7374.1 , Shipped   ,      3,        7,    2003,              11,              37,    100.0 , S10_1949   , Technics Stores Inc.
      10163, 10/20/2003 0:00,  4860.24, Shipped   ,      4,       10,    2003,               1,              21,    100.0 , S10_1949   , Classic Legends Inc.
      10206, 12/5/2003 0:00 ,  9064.89, Shipped   ,      4,       12,    2003,               6,              47,    100.0 , S10_1949   , Canadian Gift Exchange Network
      10215, 1/29/2004 0:00 ,  6075.3 , Shipped   ,      1,        1,    2004,               3,              35,    100.0 , S10_1949   , West Coast Collectables Co.
      10228, 3/10/2004 0:00 ,  6463.23, Shipped   ,      1,        3,    2004,               2,              29,    100.0 , S10_1949   , Cambridge Collectables Co.
      10245, 5/4/2004 0:00  ,  6120.34, Shipped   ,      2,        5,    2004,               9,              34,    100.0 , S10_1949   , Super Scale Inc.
      10280, 8/17/2004 0:00 ,  8014.82, Shipped   ,      3,        8,    2004,               2,              34,    100.0 , S10_1949   , Amica Models & Co.
      10291, 9/8/2004 0:00  ,  7136.19, Shipped   ,      3,        9,    2004,              11,              37,    100.0 , S10_1949   , Scandinavian Gift Ideas
      10312, 10/21/2004 0:00, 11623.7 , Shipped   ,      4,       10,    2004,               3,              48,    100.0 , S10_1949   , Mini Gifts Distributors Ltd.
      10322, 11/4/2004 0:00 ,  6000.4 , Shipped   ,      4,       11,    2004,               1,              40,    100.0 , S10_1949   , Online Diecast Creations Co.
      10333, 11/18/2004 0:00,  3003.0 , Shipped   ,      4,       11,    2004,               3,              26,    100.0 , S10_1949   , Mini Wheels Co.
      10357, 12/10/2004 0:00,  5691.84, Shipped   ,      4,       12,    2004,              10,              32,    100.0 , S10_1949   , Mini Gifts Distributors Ltd.
      10369, 1/20/2005 0:00 ,  4514.92, Shipped   ,      1,        1,    2005,               2,              41,    100.0 , S10_1949   , Collectables For Less Inc.
      10381, 2/17/2005 0:00 ,  8254.8 , Shipped   ,      1,        2,    2005,               3,              36,    100.0 , S10_1949   , Corporate Gift Ideas Co.
      10411, 5/1/2005 0:00  ,  4140.23, Shipped   ,      2,        5,    2005,               9,              23,    100.0 , S10_1949   , Quebec Home Shopping Network
      10107, 2/24/2003 0:00 ,  3896.49, Shipped   ,      1,        2,    2003,               5,              39,     99.91, S10_2016   , Land of Toys Inc.
      10134, 7/1/2003 0:00  ,  3307.77, Shipped   ,      3,        7,    2003,               5,              27,    100.0 , S10_2016   , Lyon Souveniers
      10145, 8/25/2003 0:00 ,  5192.95, Shipped   ,      3,        8,    2003,               9,              37,    100.0 , S10_2016   , Toys4GrownUps.com
      10159, 10/10/2003 0:00,  5016.83, Shipped   ,      4,       10,    2003,              17,              37,    100.0 , S10_2016   , Corporate Gift Ideas Co.
      10168, 10/28/2003 0:00,  3660.93, Shipped   ,      4,       10,    2003,               4,              27,    100.0 , S10_2016   , Technics Stores Inc.
      10201, 12/1/2003 0:00 ,  3025.92, Shipped   ,      4,       12,    2003,               5,              24,    100.0 , S10_2016   , Mini Wheels Co.
      10236, 4/3/2004 0:00  ,  2852.08, Shipped   ,      2,        4,    2004,               1,              22,    100.0 , S10_2016   , Motor Mint Distributors Inc.
      10251, 5/18/2004 0:00 ,  5756.52, Shipped   ,      2,        5,    2004,               5,              44,    100.0 , S10_2016   , Tekni Collectables Inc.
      10263, 6/28/2004 0:00 ,  4472.0 , Shipped   ,      2,        6,    2004,               5,              40,    100.0 , S10_2016   , Gift Depot Inc.
      10285, 8/27/2004 0:00 ,  6484.59, Shipped   ,      3,        8,    2004,               9,              47,    100.0 , S10_2016   , Marta's Replicas Co.
      10308, 10/15/2004 0:00,  4043.96, Shipped   ,      4,       10,    2004,               2,              34,    100.0 , S10_2016   , Mini Classics
      10318, 11/2/2004 0:00 ,  5566.5 , Shipped   ,      4,       11,    2004,               4,              45,    100.0 , S10_2016   , Diecast Classics Inc.
      10329, 11/15/2004 0:00,  3176.0 , Shipped   ,      4,       11,    2004,               2,              20,    100.0 , S10_2016   , Land of Toys Inc.
      10388, 3/3/2005 0:00  ,  2225.5 , Shipped   ,      1,        3,    2005,               5,              50,     44.51, S10_2016   , FunGiftIdeas.com
      10107, 2/24/2003 0:00 ,  6065.55, Shipped   ,      1,        2,    2003,               4,              27,    100.0 , S10_4698   , Land of Toys Inc.
      10134, 7/1/2003 0:00  ,  7023.98, Shipped   ,      3,        7,    2003,               4,              31,    100.0 , S10_4698   , Lyon Souveniers
      10145, 8/25/2003 0:00 ,  5176.38, Shipped   ,      3,        8,    2003,               8,              33,    100.0 , S10_4698   , Toys4GrownUps.com
      10159, 10/10/2003 0:00,  4132.7 , Shipped   ,      4,       10,    2003,              16,              22,    100.0 , S10_4698   , Corporate Gift Ideas Co.
      10168, 10/28/2003 0:00,  4183.0 , Shipped   ,      4,       10,    2003,               3,              20,    100.0 , S10_4698   , Technics Stores Inc.
      10201, 12/1/2003 0:00 ,  8065.89, Shipped   ,      4,       12,    2003,               4,              49,    100.0 , S10_4698   , Mini Wheels Co.
      10237, 4/5/2004 0:00  ,  7023.9 , Shipped   ,      2,        4,    2004,               9,              39,    100.0 , S10_4698   , Vitachrome Inc.
      10251, 5/18/2004 0:00 ,  7078.23, Shipped   ,      2,        5,    2004,               4,              43,    100.0 , S10_4698   , Tekni Collectables Inc.
      10263, 6/28/2004 0:00 ,  8336.94, Shipped   ,      2,        6,    2004,               4,              41,    100.0 , S10_4698   , Gift Depot Inc.
      10285, 8/27/2004 0:00 ,  5438.07, Shipped   ,      3,        8,    2004,               8,              27,    100.0 , S10_4698   , Marta's Replicas Co.
      10308, 10/15/2004 0:00,  4570.4 , Shipped   ,      4,       10,    2004,               1,              20,    100.0 , S10_4698   , Mini Classics
      10318, 11/2/2004 0:00 ,  7667.14, Shipped   ,      4,       11,    2004,               3,              37,    100.0 , S10_4698   , Diecast Classics Inc.
      10329, 11/15/2004 0:00,  5868.2 , Shipped   ,      4,       11,    2004,               3,              26,    100.0 , S10_4698   , Land of Toys Inc.
      10362, 1/5/2005 0:00  ,  3664.1 , Shipped   ,      1,        1,    2005,               4,              22,    100.0 , S10_4698   , Technics Stores Inc.
      10388, 3/3/2005 0:00  ,  1822.17, Shipped   ,      1,        3,    2005,               7,              21,     86.77, S10_4698   , FunGiftIdeas.com
      10105, 2/11/2003 0:00 ,  7208.0 , Shipped   ,      1,        2,    2003,               2,              50,    100.0 , S10_4757   , Danish Wholesale Imports
      10119, 4/28/2003 0:00 ,  5004.8 , Shipped   ,      2,        4,    2003,              11,              46,    100.0 , S10_4757   , Salzburg Collectables
      10143, 8/10/2003 0:00 ,  5597.76, Shipped   ,      3,        8,    2003,              15,              49,    100.0 , S10_4757   , Mini Creations Ltd.
      10167, 10/23/2003 0:00,  5924.16, Cancelled ,      4,       10,    2003,               9,              44,    100.0 , S10_4757   , Scandinavian Gift Ideas
      10178, 11/8/2003 0:00 ,  3492.48, Shipped   ,      4,       11,    2003,              12,              24,    100.0 , S10_4757   , Alpha Cognac
      10222, 2/19/2004 0:00 ,  5997.6 , Shipped   ,      1,        2,    2004,              12,              49,    100.0 , S10_4757   , Collectable Mini Designs Co.
      10248, 5/7/2004 0:00  ,  2910.4 , Cancelled ,      2,        5,    2004,               3,              20,    100.0 , S10_4757   , Land of Toys Inc.
      10261, 6/17/2004 0:00 ,  3378.24, Shipped   ,      2,        6,    2004,               1,              27,    100.0 , S10_4757   , Quebec Home Shopping Network
      10273, 7/21/2004 0:00 ,  3508.8 , Shipped   ,      3,        7,    2004,               4,              30,    100.0 , S10_4757   , Petit Auto
      10295, 9/10/2004 0:00 ,  3427.2 , Shipped   ,      3,        9,    2004,               1,              24,    100.0 , S10_4757   , Gifts4AllAges.com
      10316, 11/1/2004 0:00 ,  4128.96, Shipped   ,      4,       11,    2004,              17,              33,    100.0 , S10_4757   , giftsbymail.co.uk
      10325, 11/5/2004 0:00 ,  3051.71, Shipped   ,      4,       11,    2004,               6,              47,     64.93, S10_4757   , Baane Mini Imports
      10337, 11/21/2004 0:00,  1201.25, Shipped   ,      4,       11,    2004,               8,              25,     48.05, S10_4757   , Classic Legends Inc.
      10359, 12/15/2004 0:00,  2624.64, Shipped   ,      4,       12,    2004,               6,              48,     54.68, S10_4757   , Reims Collectables
      10384, 2/23/2005 0:00 ,  4846.7 , Shipped   ,      1,        2,    2005,               4,              34,    100.0 , S10_4757   , Corporate Gift Ideas Co.
      10395, 3/17/2005 0:00 ,  3370.56, Shipped   ,      1,        3,    2005,               2,              32,    100.0 , S10_4757   , Lyon Souveniers
      10400, 4/1/2005 0:00  ,  9661.44, Shipped   ,      2,        4,    2005,               9,              64,    100.0 , S10_4757   , The Sharp Gifts Warehouse
      10414, 5/6/2005 0:00  ,  2764.88, On Hold   ,      2,        5,    2005,               3,              19,    100.0 , S10_4757   , Gifts4AllAges.com
      10103, 1/29/2003 0:00 ,  5398.26, Shipped   ,      1,        1,    2003,               4,              42,    100.0 , S10_4962   , Baane Mini Imports
      10140, 7/24/2003 0:00 ,  3188.12, Shipped   ,      3,        7,    2003,               4,              26,    100.0 , S10_4962   , Technics Stores Inc.
      10164, 10/21/2003 0:00,  3536.82, Resolved  ,      4,       10,    2003,               2,              21,    100.0 , S10_4962   , Mini Auto Werke
      10207, 12/9/2003 0:00 ,  4076.19, Shipped   ,      4,       12,    2003,              15,              31,    100.0 , S10_4962   , Diecast Collectables
      10217, 2/4/2004 0:00  ,  7020.48, Shipped   ,      1,        2,    2004,               4,              48,    100.0 , S10_4962   , Handji Gifts& Co
      10229, 3/11/2004 0:00 ,  6426.5 , Shipped   ,      1,        3,    2004,               9,              50,    100.0 , S10_4962   , Mini Gifts Distributors Ltd.
      10245, 5/4/2004 0:00  ,  4591.72, Shipped   ,      2,        5,    2004,               2,              28,    100.0 , S10_4962   , Super Scale Inc.
      10259, 6/15/2004 0:00 ,  4033.38, Shipped   ,      2,        6,    2004,              12,              26,    100.0 , S10_4962   , Handji Gifts& Co
      10281, 8/19/2004 0:00 ,  7020.64, Shipped   ,      3,        8,    2004,               9,              44,    100.0 , S10_4962   , Diecast Classics Inc.
      10291, 9/8/2004 0:00  ,  3855.9 , Shipped   ,      3,        9,    2004,               4,              30,    100.0 , S10_4962   , Scandinavian Gift Ideas
      10305, 10/13/2004 0:00,  6680.78, Shipped   ,      4,       10,    2004,              13,              38,    100.0 , S10_4962   , Marta's Replicas Co.
      10313, 10/22/2004 0:00,  6678.0 , Shipped   ,      4,       10,    2004,               7,              40,    100.0 , S10_4962   , Canadian Gift Exchange Network
      10322, 11/4/2004 0:00 ,  2851.54, Shipped   ,      4,       11,    2004,               8,              46,     61.99, S10_4962   , Online Diecast Creations Co.
      10357, 12/10/2004 0:00,  5780.92, Shipped   ,      4,       12,    2004,               9,              43,    100.0 , S10_4962   , Mini Gifts Distributors Ltd.
      10381, 2/17/2005 0:00 ,  6231.54, Shipped   ,      1,        2,    2005,               6,              37,    100.0 , S10_4962   , Corporate Gift Ideas Co.
      10411, 5/1/2005 0:00  ,  4427.73, Shipped   ,      2,        5,    2005,               2,              27,    100.0 , S10_4962   , Quebec Home Shopping Network
      10108, 3/3/2003 0:00  ,  5265.15, Shipped   ,      1,        3,    2003,               6,              33,    100.0 , S12_1099   , Cruz & Sons Co.
      10135, 7/2/2003 0:00  ,  8008.56, Shipped   ,      3,        7,    2003,               7,              42,    100.0 , S12_1099   , Mini Gifts Distributors Ltd.
      10147, 9/5/2003 0:00  ,  9245.76, Shipped   ,      3,        9,    2003,               7,              48,    100.0 , S12_1099   , Collectables For Less Inc.
      10159, 10/10/2003 0:00,  8296.35, Shipped   ,      4,       10,    2003,               2,              41,    100.0 , S12_1099   , Corporate Gift Ideas Co.
      10238, 4/9/2004 0:00  ,  5774.72, Shipped   ,      2,        4,    2004,               3,              28,    100.0 , S12_1099   , Danish Wholesale Imports
      10266, 7/6/2004 0:00  ,  9160.36, Shipped   ,      3,        7,    2004,              14,              44,    100.0 , S12_1099   , L'ordine Souveniers
      10276, 8/2/2004 0:00  ,  9631.0 , Shipped   ,      3,        8,    2004,               3,              50,    100.0 , S12_1099   , Online Mini Collectables
      10329, 11/15/2004 0:00,  2930.27, Shipped   ,      4,       11,    2004,               5,              41,     71.47, S12_1099   , Land of Toys Inc.
      10341, 11/24/2004 0:00,  3584.25, Shipped   ,      4,       11,    2004,               2,              45,     79.65, S12_1099   , Salzburg Collectables
      10389, 3/3/2005 0:00  ,  2575.04, Shipped   ,      1,        3,    2005,               4,              26,     99.04, S12_1099   , Scandinavian Gift Ideas
      10419, 5/17/2005 0:00 ,  1961.28, Shipped   ,      2,        5,    2005,              13,              12,    100.0 , S12_1099   , Salzburg Collectables
      10105, 2/11/2003 0:00 ,  8690.36, Shipped   ,      1,        2,    2003,              15,              41,    100.0 , S12_1108   , Danish Wholesale Imports
      10127, 6/3/2003 0:00  , 11279.2 , Shipped   ,      2,        6,    2003,               2,              46,    100.0 , S12_1108   , Muscle Machine Inc
      10142, 8/8/2003 0:00  ,  8023.29, Shipped   ,      3,        8,    2003,              12,              33,    100.0 , S12_1108   , Mini Gifts Distributors Ltd.
      10176, 11/6/2003 0:00 ,  7474.5 , Shipped   ,      4,       11,    2003,               2,              33,    100.0 , S12_1108   , L'ordine Souveniers
      10185, 11/14/2003 0:00,  3883.74, Shipped   ,      4,       11,    2003,              13,              21,    100.0 , S12_1108   , Mini Creations Ltd.
      10196, 11/26/2003 0:00,  8887.7 , Shipped   ,      4,       11,    2003,               5,              47,    100.0 , S12_1108   , Super Scale Inc.
      10272, 7/20/2004 0:00 ,  5818.4 , Shipped   ,      3,        7,    2004,               2,              35,    100.0 , S12_1108   , Diecast Classics Inc.
      10282, 8/20/2004 0:00 ,  7071.27, Shipped   ,      3,        8,    2004,               5,              41,    100.0 , S12_1108   , Mini Gifts Distributors Ltd.
      10293, 9/9/2004 0:00  ,  8411.56, Shipped   ,      3,        9,    2004,               8,              46,    100.0 , S12_1108   , Amica Models & Co.
      10314, 10/22/2004 0:00,  7975.44, Shipped   ,      4,       10,    2004,               5,              38,    100.0 , S12_1108   , Heintze Collectables
      10325, 11/5/2004 0:00 ,  2688.0 , Shipped   ,      4,       11,    2004,               8,              42,     64.0 , S12_1108   , Baane Mini Imports
      10359, 12/15/2004 0:00,  4764.48, Shipped   ,      4,       12,    2004,               8,              42,    100.0 , S12_1108   , Reims Collectables
      10371, 1/23/2005 0:00 ,  3560.64, Shipped   ,      1,        1,    2005,               6,              32,    100.0 , S12_1108   , Mini Gifts Distributors Ltd.
      10382, 2/17/2005 0:00 ,  3823.64, Shipped   ,      1,        2,    2005,              10,              34,    100.0 , S12_1108   , Mini Gifts Distributors Ltd.
      10395, 3/17/2005 0:00 ,  2280.96, Shipped   ,      1,        3,    2005,               1,              33,     69.12, S12_1108   , Lyon Souveniers
      10413, 5/5/2005 0:00  ,  8677.8 , Shipped   ,      2,        5,    2005,               2,              36,    100.0 , S12_1108   , Gift Depot Inc.
      10103, 1/29/2003 0:00 ,  3394.98, Shipped   ,      1,        1,    2003,               8,              27,    100.0 , S12_1666   , Baane Mini Imports
      10113, 3/26/2003 0:00 ,  3415.44, Shipped   ,      1,        3,    2003,               2,              21,    100.0 , S12_1666   , Mini Gifts Distributors Ltd.
      10140, 7/24/2003 0:00 ,  4829.8 , Shipped   ,      3,        7,    2003,               8,              38,    100.0 , S12_1666   , Technics Stores Inc.
      10164, 10/21/2003 0:00,  6563.06, Resolved  ,      4,       10,    2003,               6,              49,    100.0 , S12_1666   , Mini Auto Werke
      10206, 12/5/2003 0:00 ,  4056.36, Shipped   ,      4,       12,    2003,               3,              28,    100.0 , S12_1666   , Canadian Gift Exchange Network
      10229, 3/11/2004 0:00 ,  3451.0 , Shipped   ,      1,        3,    2004,              13,              25,    100.0 , S12_1666   , Mini Gifts Distributors Ltd.
      10245, 5/4/2004 0:00  ,  5920.4 , Shipped   ,      2,        5,    2004,               6,              38,    100.0 , S12_1666   , Super Scale Inc.
      10281, 8/19/2004 0:00 ,  2938.5 , Shipped   ,      3,        8,    2004,              13,              25,    100.0 , S12_1666   , Diecast Classics Inc.
      10291, 9/8/2004 0:00  ,  6387.8 , Shipped   ,      3,        9,    2004,               8,              41,    100.0 , S12_1666   , Scandinavian Gift Ideas
      10313, 10/22/2004 0:00,  2669.1 , Shipped   ,      4,       10,    2004,              11,              21,    100.0 , S12_1666   , Canadian Gift Exchange Network
      10322, 11/4/2004 0:00 ,  4784.13, Shipped   ,      4,       11,    2004,               9,              27,    100.0 , S12_1666   , Online Diecast Creations Co.
      10333, 11/18/2004 0:00,  3273.93, Shipped   ,      4,       11,    2004,               6,              33,     99.21, S12_1666   , Mini Wheels Co.
      10357, 12/10/2004 0:00,  5960.36, Shipped   ,      4,       12,    2004,               8,              49,    100.0 , S12_1666   , Mini Gifts Distributors Ltd.
      10381, 2/17/2005 0:00 ,  2952.0 , Shipped   ,      1,        2,    2005,               1,              20,    100.0 , S12_1666   , Corporate Gift Ideas Co.
      10411, 5/1/2005 0:00  ,  6232.0 , Shipped   ,      2,        5,    2005,               6,              40,    100.0 , S12_1666   , Quebec Home Shopping Network
      10107, 2/24/2003 0:00 ,  3036.6 , Shipped   ,      1,        2,    2003,               1,              21,    100.0 , S12_2823   , Land of Toys Inc.
      10121, 5/7/2003 0:00  ,  8284.0 , Shipped   ,      2,        5,    2003,               4,              50,    100.0 , S12_2823   , Reims Collectables
      10134, 7/1/2003 0:00  ,  2711.2 , Shipped   ,      3,        7,    2003,               1,              20,    100.0 , S12_2823   , Lyon Souveniers
      10145, 8/25/2003 0:00 ,  8339.8 , Shipped   ,      3,        8,    2003,               5,              49,    100.0 , S12_2823   , Toys4GrownUps.com
      10159, 10/10/2003 0:00,  6238.84, Shipped   ,      4,       10,    2003,              13,              38,    100.0 , S12_2823   , Corporate Gift Ideas Co.
      10189, 11/18/2003 0:00,  4512.48, Shipped   ,      4,       11,    2003,               1,              28,    100.0 , S12_2823   , Toys4GrownUps.com
      10201, 12/1/2003 0:00 ,  4029.0 , Shipped   ,      4,       12,    2003,               1,              25,    100.0 , S12_2823   , Mini Wheels Co.
      10237, 4/5/2004 0:00  ,  4193.28, Shipped   ,      2,        4,    2004,               6,              32,    100.0 , S12_2823   , Vitachrome Inc.
      10251, 5/18/2004 0:00 ,  7552.28, Shipped   ,      2,        5,    2004,               1,              46,    100.0 , S12_2823   , Tekni Collectables Inc.
      10263, 6/28/2004 0:00 ,  6434.4 , Shipped   ,      2,        6,    2004,               1,              48,    100.0 , S12_2823   , Gift Depot Inc.
      10276, 8/2/2004 0:00  ,  5181.5 , Shipped   ,      3,        8,    2004,              14,              43,    100.0 , S12_2823   , Online Mini Collectables
      10285, 8/27/2004 0:00 ,  6863.92, Shipped   ,      3,        8,    2004,               5,              49,    100.0 , S12_2823   , Marta's Replicas Co.
      10309, 10/15/2004 0:00,  4660.24, Shipped   ,      4,       10,    2004,               4,              26,    100.0 , S12_2823   , Baane Mini Imports
      10319, 11/3/2004 0:00 ,  4111.8 , Shipped   ,      4,       11,    2004,               9,              30,    100.0 , S12_2823   , Microscale Inc.
      10329, 11/15/2004 0:00,  3542.64, Shipped   ,      4,       11,    2004,               6,              24,    100.0 , S12_2823   , Land of Toys Inc.
      10341, 11/24/2004 0:00,  8118.55, Shipped   ,      4,       11,    2004,               8,              55,    100.0 , S12_2823   , Salzburg Collectables
      10362, 1/5/2005 0:00  ,  3877.06, Shipped   ,      1,        1,    2005,               1,              22,    100.0 , S12_2823   , Technics Stores Inc.
      10388, 3/3/2005 0:00  ,  5951.44, Shipped   ,      1,        3,    2005,               6,              44,    100.0 , S12_2823   , FunGiftIdeas.com
      10127, 6/3/2003 0:00  ,  7366.44, Shipped   ,      2,        6,    2003,               3,              46,    100.0 , S12_3148   , Muscle Machine Inc
      10142, 8/8/2003 0:00  ,  4985.64, Shipped   ,      3,        8,    2003,              13,              33,    100.0 , S12_3148   , Mini Gifts Distributors Ltd.
      10176, 11/6/2003 0:00 ,  8378.69, Shipped   ,      4,       11,    2003,               3,              47,    100.0 , S12_3148   , L'ordine Souveniers
      10185, 11/14/2003 0:00,  4038.21, Shipped   ,      4,       11,    2003,              14,              33,    100.0 , S12_3148   , Mini Creations Ltd.
      10196, 11/26/2003 0:00,  3807.12, Shipped   ,      4,       11,    2003,               6,              24,    100.0 , S12_3148   , Super Scale Inc.
      10272, 7/20/2004 0:00 ,  4283.01, Shipped   ,      3,        7,    2004,               3,              27,    100.0 , S12_3148   , Diecast Classics Inc.
      10282, 8/20/2004 0:00 ,  4364.82, Shipped   ,      3,        8,    2004,               6,              27,    100.0 , S12_3148   , Mini Gifts Distributors Ltd.
      10293, 9/9/2004 0:00  ,  4242.24, Shipped   ,      3,        9,    2004,               9,              24,    100.0 , S12_3148   , Amica Models & Co.
      10314, 10/22/2004 0:00,  6393.54, Shipped   ,      4,       10,    2004,               6,              46,    100.0 , S12_3148   , Heintze Collectables
      10324, 11/5/2004 0:00 ,  1466.91, Shipped   ,      4,       11,    2004,               1,              27,     54.33, S12_3148   , Vitachrome Inc.
      10382, 2/17/2005 0:00 ,  4071.85, Shipped   ,      1,        2,    2005,              11,              37,    100.0 , S12_3148   , Mini Gifts Distributors Ltd.
      10413, 5/5/2005 0:00  ,  8236.75, Shipped   ,      2,        5,    2005,               3,              47,    100.0 , S12_3148   , Gift Depot Inc.
      10108, 3/3/2003 0:00  ,  6130.35, Shipped   ,      1,        3,    2003,               4,              45,    100.0 , S12_3380   , Cruz & Sons Co.
      10135, 7/2/2003 0:00  ,  6031.68, Shipped   ,      3,        7,    2003,               5,              48,    100.0 , S12_3380   , Mini Gifts Distributors Ltd.
      10147, 9/5/2003 0:00  ,  3494.94, Shipped   ,      3,        9,    2003,               5,              31,    100.0 , S12_3380   , Collectables For Less Inc.
      10170, 11/4/2003 0:00 ,  5464.69, Shipped   ,      4,       11,    2003,               4,              47,    100.0 , S12_3380   , Mini Auto Werke
      10238, 4/9/2004 0:00  ,  3167.38, Shipped   ,      2,        4,    2004,               1,              29,    100.0 , S12_3380   , Danish Wholesale Imports
      10266, 7/6/2004 0:00  ,  2454.54, Shipped   ,      3,        7,    2004,              12,              22,    100.0 , S12_3380   , L'ordine Souveniers
      10276, 8/2/2004 0:00  ,  5464.69, Shipped   ,      3,        8,    2004,               1,              47,    100.0 , S12_3380   , Online Mini Collectables
      10329, 11/15/2004 0:00,  3846.98, Shipped   ,      4,       11,    2004,              13,              46,     83.63, S12_3380   , Land of Toys Inc.
      10341, 11/24/2004 0:00,  4220.92, Shipped   ,      4,       11,    2004,               1,              44,     95.93, S12_3380   , Salzburg Collectables
      10376, 2/8/2005 0:00  ,  3987.2 , Shipped   ,      1,        2,    2005,               1,              35,    100.0 , S12_3380   , Boards & Toys Co.
      10389, 3/3/2005 0:00  ,  1809.5 , Shipped   ,      1,        3,    2005,               6,              25,     72.38, S12_3380   , Scandinavian Gift Ideas
      10419, 5/17/2005 0:00 ,  1092.2 , Shipped   ,      2,        5,    2005,              11,              10,    100.0 , S12_3380   , Salzburg Collectables
      10105, 2/11/2003 0:00 ,  4566.05, Shipped   ,      1,        2,    2003,              14,              29,    100.0 , S12_3891   , Danish Wholesale Imports
      10127, 6/3/2003 0:00  ,  8138.76, Shipped   ,      2,        6,    2003,               1,              42,    100.0 , S12_3891   , Muscle Machine Inc
      10142, 8/8/2003 0:00  ,  9470.94, Shipped   ,      3,        8,    2003,              11,              46,    100.0 , S12_3891   , Mini Gifts Distributors Ltd.
      10176, 11/6/2003 0:00 ,  7872.5 , Shipped   ,      4,       11,    2003,               1,              50,    100.0 , S12_3891   , L'ordine Souveniers
      10185, 11/14/2003 0:00,  7886.2 , Shipped   ,      4,       11,    2003,              12,              43,    100.0 , S12_3891   , Mini Creations Ltd.
      10196, 11/26/2003 0:00,  7232.16, Shipped   ,      4,       11,    2003,               4,              38,    100.0 , S12_3891   , Super Scale Inc.
      10272, 7/20/2004 0:00 ,  7962.24, Shipped   ,      3,        7,    2004,               1,              39,    100.0 , S12_3891   , Diecast Classics Inc.
      10282, 8/20/2004 0:00 ,  3778.8 , Shipped   ,      3,        8,    2004,               4,              24,    100.0 , S12_3891   , Mini Gifts Distributors Ltd.
      10293, 9/9/2004 0:00  ,  8253.0 , Shipped   ,      3,        9,    2004,               7,              45,    100.0 , S12_3891   , Amica Models & Co.
      10314, 10/22/2004 0:00,  6913.8 , Shipped   ,      4,       10,    2004,               4,              36,    100.0 , S12_3891   , Heintze Collectables
      10325, 11/5/2004 0:00 ,  2583.6 , Shipped   ,      4,       11,    2004,               1,              24,    100.0 , S12_3891   , Baane Mini Imports
      10349, 12/1/2004 0:00 ,  4408.56, Shipped   ,      4,       12,    2004,              10,              26,    100.0 , S12_3891   , Muscle Machine Inc
      10359, 12/15/2004 0:00,  3042.41, Shipped   ,      4,       12,    2004,               5,              49,     62.09, S12_3891   , Reims Collectables
      10382, 2/17/2005 0:00 ,  3241.9 , Shipped   ,      1,        2,    2005,              12,              34,     95.35, S12_3891   , Mini Gifts Distributors Ltd.
      10396, 3/23/2005 0:00 ,  6109.29, Shipped   ,      1,        3,    2005,               3,              33,    100.0 , S12_3891   , Mini Gifts Distributors Ltd.
      10413, 5/5/2005 0:00  ,  3387.78, Shipped   ,      2,        5,    2005,               1,              22,    100.0 , S12_3891   , Gift Depot Inc.
      10108, 3/3/2003 0:00  ,  3485.82, Shipped   ,      1,        3,    2003,               7,              39,     89.38, S12_3990   , Cruz & Sons Co.
      10135, 7/2/2003 0:00  ,  1800.24, Shipped   ,      3,        7,    2003,               8,              24,     75.01, S12_3990   , Mini Gifts Distributors Ltd.
      10147, 9/5/2003 0:00  ,  1340.64, Shipped   ,      3,        9,    2003,               8,              21,     63.84, S12_3990   , Collectables For Less Inc.
      10159, 10/10/2003 0:00,  1762.08, Shipped   ,      4,       10,    2003,               3,              24,     73.42, S12_3990   , Corporate Gift Ideas Co.
      10238, 4/9/2004 0:00  ,  1484.2 , Shipped   ,      2,        4,    2004,               4,              20,     74.21, S12_3990   , Danish Wholesale Imports
      10266, 7/6/2004 0:00  ,  2681.35, Shipped   ,      3,        7,    2004,              15,              35,     76.61, S12_3990   , L'ordine Souveniers
      10276, 8/2/2004 0:00  ,  3184.02, Shipped   ,      3,        8,    2004,               4,              38,     83.79, S12_3990   , Online Mini Collectables
      10329, 11/15/2004 0:00,  3607.56, Shipped   ,      4,       11,    2004,              14,              33,    100.0 , S12_3990   , Land of Toys Inc.
      10341, 11/24/2004 0:00,  3368.16, Shipped   ,      4,       11,    2004,              10,              36,     93.56, S12_3990   , Salzburg Collectables
      10389, 3/3/2005 0:00  ,  2529.36, Shipped   ,      1,        3,    2005,               7,              36,     70.26, S12_3990   , Scandinavian Gift Ideas
      10419, 5/17/2005 0:00 ,  3065.78, Shipped   ,      2,        5,    2005,              14,              34,     90.17, S12_3990   , Salzburg Collectables
      10115, 4/4/2003 0:00  ,  5723.78, Shipped   ,      2,        4,    2003,               5,              46,    100.0 , S12_4473   , Classic Legends Inc.
      10127, 6/3/2003 0:00  ,  2559.6 , Shipped   ,      2,        6,    2003,              11,              24,    100.0 , S12_4473   , Muscle Machine Inc
      10195, 11/25/2003 0:00,  6445.46, Shipped   ,      4,       11,    2003,               6,              49,    100.0 , S12_4473   , Mini Classics
      10207, 12/9/2003 0:00 ,  3384.36, Shipped   ,      4,       12,    2003,               7,              34,     99.54, S12_4473   , Diecast Collectables
      10219, 2/10/2004 0:00 ,  4891.68, Shipped   ,      1,        2,    2004,               2,              48,    100.0 , S12_4473   , Signal Collectibles Ltd.
      10229, 3/11/2004 0:00 ,  4521.96, Shipped   ,      1,        3,    2004,               1,              36,    100.0 , S12_4473   , Mini Gifts Distributors Ltd.
      10259, 6/15/2004 0:00 ,  6541.2 , Shipped   ,      2,        6,    2004,               4,              46,    100.0 , S12_4473   , Handji Gifts& Co
      10271, 7/20/2004 0:00 ,  3012.27, Shipped   ,      3,        7,    2004,               5,              31,     97.17, S12_4473   , Mini Gifts Distributors Ltd.
      10281, 8/19/2004 0:00 ,  5247.18, Shipped   ,      3,        8,    2004,               1,              41,    100.0 , S12_4473   , Diecast Classics Inc.
      10292, 9/8/2004 0:00  ,  2214.87, Shipped   ,      3,        9,    2004,               8,              21,    100.0 , S12_4473   , Land of Toys Inc.
      10305, 10/13/2004 0:00,  4773.18, Shipped   ,      4,       10,    2004,               5,              38,    100.0 , S12_4473   , Marta's Replicas Co.
      10314, 10/22/2004 0:00,  6185.7 , Shipped   ,      4,       10,    2004,              14,              45,    100.0 , S12_4473   , Heintze Collectables
      10324, 11/5/2004 0:00 ,  1517.88, Shipped   ,      4,       11,    2004,               7,              26,     58.38, S12_4473   , Vitachrome Inc.
      10349, 12/1/2004 0:00 ,  5232.96, Shipped   ,      4,       12,    2004,               9,              48,    100.0 , S12_4473   , Muscle Machine Inc
      10371, 1/23/2005 0:00 ,  1749.79, Shipped   ,      1,        1,    2005,               4,              49,     35.71, S12_4473   , Mini Gifts Distributors Ltd.
      10382, 2/17/2005 0:00 ,  2130.56, Shipped   ,      1,        2,    2005,              13,              32,     66.58, S12_4473   , Mini Gifts Distributors Ltd.
      10108, 3/3/2003 0:00  ,  3731.04, Shipped   ,      1,        3,    2003,               3,              36,    100.0 , S12_4675   , Cruz & Sons Co.
      10135, 7/2/2003 0:00  ,  2838.81, Shipped   ,      3,        7,    2003,               4,              29,     97.89, S12_4675   , Mini Gifts Distributors Ltd.
      10147, 9/5/2003 0:00  ,  3230.37, Shipped   ,      3,        9,    2003,               4,              33,     97.89, S12_4675   , Collectables For Less Inc.
      10170, 11/4/2003 0:00 ,  4391.1 , Shipped   ,      4,       11,    2003,               3,              41,    100.0 , S12_4675   , Mini Auto Werke
      10192, 11/20/2003 0:00,  3544.56, Shipped   ,      4,       11,    2003,              16,              27,    100.0 , S12_4675   , Online Diecast Creations Co.
      10266, 7/6/2004 0:00  ,  4468.4 , Shipped   ,      3,        7,    2004,              11,              40,    100.0 , S12_4675   , L'ordine Souveniers
      10321, 11/4/2004 0:00 ,  2984.88, Shipped   ,      4,       11,    2004,              15,              24,    100.0 , S12_4675   , FunGiftIdeas.com
      10329, 11/15/2004 0:00,  2524.86, Shipped   ,      4,       11,    2004,              15,              39,     64.74, S12_4675   , Land of Toys Inc.
      10341, 11/24/2004 0:00,  4136.0 , Shipped   ,      4,       11,    2004,               7,              55,     75.2 , S12_4675   , Salzburg Collectables
      10389, 3/3/2005 0:00  ,  5243.79, Shipped   ,      1,        3,    2005,               8,              47,    100.0 , S12_4675   , Scandinavian Gift Ideas
      10419, 5/17/2005 0:00 ,  3832.64, Shipped   ,      2,        5,    2005,              10,              32,    100.0 , S12_4675   , Salzburg Collectables
      10103, 1/29/2003 0:00 ,  3920.0 , Shipped   ,      1,        1,    2003,              10,              35,    100.0 , S18_1097   , Baane Mini Imports
      10113, 3/26/2003 0:00 ,  4916.66, Shipped   ,      1,        3,    2003,               4,              49,    100.0 , S18_1097   , Mini Gifts Distributors Ltd.
      10140, 7/24/2003 0:00 ,  4181.44, Shipped   ,      3,        7,    2003,              10,              32,    100.0 , S18_1097   , Technics Stores Inc.
      10164, 10/21/2003 0:00,  3570.12, Resolved  ,      4,       10,    2003,               8,              36,     99.17, S18_1097   , Mini Auto Werke
      10206, 12/5/2003 0:00 ,  3966.78, Shipped   ,      4,       12,    2003,               5,              34,    100.0 , S18_1097   , Canadian Gift Exchange Network
      10215, 1/29/2004 0:00 ,  5152.0 , Shipped   ,      1,        1,    2004,               2,              46,    100.0 , S18_1097   , West Coast Collectables Co.
      10228, 3/10/2004 0:00 ,  3360.0 , Shipped   ,      1,        3,    2004,               1,              32,    100.0 , S18_1097   , Cambridge Collectables Co.
      10245, 5/4/2004 0:00  ,  3451.0 , Shipped   ,      2,        5,    2004,               8,              29,    100.0 , S18_1097   , Super Scale Inc.
      10280, 8/17/2004 0:00 ,  2800.08, Shipped   ,      3,        8,    2004,               1,              24,    100.0 , S18_1097   , Amica Models & Co.
      10291, 9/8/2004 0:00  ,  4687.94, Shipped   ,      3,        9,    2004,              10,              41,    100.0 , S18_1097   , Scandinavian Gift Ideas
      10312, 10/21/2004 0:00,  4181.44, Shipped   ,      4,       10,    2004,               2,              32,    100.0 , S18_1097   , Mini Gifts Distributors Ltd.
      10322, 11/4/2004 0:00 ,  2251.04, Shipped   ,      4,       11,    2004,              10,              22,    100.0 , S18_1097   , Online Diecast Creations Co.
      10333, 11/18/2004 0:00,  1167.25, Shipped   ,      4,       11,    2004,               7,              29,     40.25, S18_1097   , Mini Wheels Co.
      10357, 12/10/2004 0:00,  3822.0 , Shipped   ,      4,       12,    2004,               1,              39,     98.0 , S18_1097   , Mini Gifts Distributors Ltd.
      10381, 2/17/2005 0:00 ,  4704.0 , Shipped   ,      1,        2,    2005,               2,              48,     98.0 , S18_1097   , Corporate Gift Ideas Co.
      10411, 5/1/2005 0:00  ,  3213.0 , Shipped   ,      2,        5,    2005,               8,              27,    100.0 , S18_1097   , Quebec Home Shopping Network
      10109, 3/10/2003 0:00 ,  4379.18, Shipped   ,      1,        3,    2003,               4,              26,    100.0 , S18_1129   , Motor Mint Distributors Inc.
      10136, 7/4/2003 0:00  ,  3644.75, Shipped   ,      3,        7,    2003,               2,              25,    100.0 , S18_1129   , Alpha Cognac
      10161, 10/17/2003 0:00,  3764.88, Shipped   ,      4,       10,    2003,              12,              28,    100.0 , S18_1129   , Heintze Collectables
      10171, 11/5/2003 0:00 ,  4508.0 , Shipped   ,      4,       11,    2003,               2,              35,    100.0 , S18_1129   , Quebec Home Shopping Network
      10192, 11/20/2003 0:00,  3300.66, Shipped   ,      4,       11,    2003,              11,              22,    100.0 , S18_1129   , Online Diecast Creations Co.
      10204, 12/2/2003 0:00 ,  6182.4 , Shipped   ,      4,       12,    2003,              17,              42,    100.0 , S18_1129   , Muscle Machine Inc
      10266, 7/6/2004 0:00  ,  2526.51, Shipped   ,      3,        7,    2004,               6,              21,    100.0 , S18_1129   , L'ordine Souveniers
      10278, 8/6/2004 0:00  ,  4667.86, Shipped   ,      3,        8,    2004,               6,              34,    100.0 , S18_1129   , Signal Gift Stores
      10321, 11/4/2004 0:00 ,  5803.14, Shipped   ,      4,       11,    2004,              10,              41,    100.0 , S18_1129   , FunGiftIdeas.com
      10331, 11/17/2004 0:00,  6434.02, Shipped   ,      4,       11,    2004,               6,              46,    100.0 , S18_1129   , Motor Mint Distributors Inc.
      10356, 12/9/2004 0:00 ,  4196.8 , Shipped   ,      4,       12,    2004,               8,              43,     97.6 , S18_1129   , Lyon Souveniers
      10365, 1/7/2005 0:00  ,  2611.8 , Shipped   ,      1,        1,    2005,               1,              30,     87.06, S18_1129   , Mini Creations Ltd.
      10390, 3/4/2005 0:00  ,  3375.72, Shipped   ,      1,        3,    2005,              14,              36,     93.77, S18_1129   , Mini Gifts Distributors Ltd.
      10406, 4/15/2005 0:00 ,  8374.69, Disputed  ,      2,        4,    2005,               3,              61,    100.0 , S18_1129   , Danish Wholesale Imports
      10419, 5/17/2005 0:00 ,  4464.24, Shipped   ,      2,        5,    2005,               5,              38,    100.0 , S18_1129   , Salzburg Collectables
      10102, 1/10/2003 0:00 ,  4808.31, Shipped   ,      1,        1,    2003,               2,              39,    100.0 , S18_1342   , Vitachrome Inc.
      10111, 3/25/2003 0:00 ,  3288.78, Shipped   ,      1,        3,    2003,               6,              33,     99.66, S18_1342   , Mini Wheels Co.
      10149, 9/12/2003 0:00 ,  5907.5 , Shipped   ,      3,        9,    2003,               4,              50,    100.0 , S18_1342   , Signal Collectibles Ltd.
      10162, 10/18/2003 0:00,  4389.12, Shipped   ,      4,       10,    2003,               2,              48,     91.44, S18_1342   , Corporate Gift Ideas Co.
      10173, 11/5/2003 0:00 ,  5036.16, Shipped   ,      4,       11,    2003,               6,              43,    100.0 , S18_1342   , Rovelli Gifts
      10182, 11/12/2003 0:00,  2183.25, Shipped   ,      4,       11,    2003,               3,              25,     87.33, S18_1342   , Mini Gifts Distributors Ltd.
      10215, 1/29/2004 0:00 ,  2413.26, Shipped   ,      1,        1,    2004,              10,              27,     89.38, S18_1342   , West Coast Collectables Co.
      10256, 6/8/2004 0:00  ,  3248.7 , Shipped   ,      2,        6,    2004,               2,              34,     95.55, S18_1342   , Danish Wholesale Imports
      10280, 8/17/2004 0:00 ,  5239.5 , Shipped   ,      3,        8,    2004,               9,              50,    100.0 , S18_1342   , Amica Models & Co.
      10312, 10/21/2004 0:00,  3843.34, Shipped   ,      4,       10,    2004,              10,              43,     89.38, S18_1342   , Mini Gifts Distributors Ltd.
      10322, 11/4/2004 0:00 ,  3710.9 , Shipped   ,      4,       11,    2004,              14,              43,     86.3 , S18_1342   , Online Diecast Creations Co.
      10346, 11/29/2004 0:00,  1516.62, Shipped   ,      4,       11,    2004,               3,              42,     36.11, S18_1342   , Signal Gift Stores
      10356, 12/9/2004 0:00 ,  2509.0 , Shipped   ,      4,       12,    2004,               9,              50,     50.18, S18_1342   , Lyon Souveniers
      10369, 1/20/2005 0:00 ,  9240.44, Shipped   ,      1,        1,    2005,               8,              44,    100.0 , S18_1342   , Collectables For Less Inc.
      10422, 5/30/2005 0:00 ,  4873.05, In Process,      2,        5,    2005,               2,              51,     95.55, S18_1342   , Diecast Classics Inc.
      10102, 1/10/2003 0:00 ,  2055.74, Shipped   ,      1,        1,    2003,               1,              41,     50.14, S18_1367   , Vitachrome Inc.
      10111, 3/25/2003 0:00 ,  2354.88, Shipped   ,      1,        3,    2003,               5,              48,     49.06, S18_1367   , Mini Wheels Co.
      10149, 9/12/2003 0:00 ,  1746.6 , Shipped   ,      3,        9,    2003,               3,              30,     58.22, S18_1367   , Signal Collectibles Ltd.
      10162, 10/18/2003 0:00,  2304.45, Shipped   ,      4,       10,    2003,               1,              45,     51.21, S18_1367   , Corporate Gift Ideas Co.
      10173, 11/5/2003 0:00 ,  2122.08, Shipped   ,      4,       11,    2003,               5,              48,     44.21, S18_1367   , Rovelli Gifts
      10182, 11/12/2003 0:00,  1742.4 , Shipped   ,      4,       11,    2003,               2,              32,     54.45, S18_1367   , Mini Gifts Distributors Ltd.
      10215, 1/29/2004 0:00 ,  1423.29, Shipped   ,      1,        1,    2004,               9,              33,     43.13, S18_1367   , West Coast Collectables Co.
      10256, 6/8/2004 0:00  ,  1500.75, Shipped   ,      2,        6,    2004,               1,              29,     51.75, S18_1367   , Danish Wholesale Imports
      10280, 8/17/2004 0:00 ,  1557.36, Shipped   ,      3,        8,    2004,               8,              27,     57.68, S18_1367   , Amica Models & Co.
      10312, 10/21/2004 0:00,  1105.25, Shipped   ,      4,       10,    2004,               9,              25,     44.21, S18_1367   , Mini Gifts Distributors Ltd.
      10322, 11/4/2004 0:00 ,  2364.88, Shipped   ,      4,       11,    2004,               5,              41,     57.68, S18_1367   , Online Diecast Creations Co.
      10356, 12/9/2004 0:00 ,  1593.02, Shipped   ,      4,       12,    2004,               6,              22,     72.41, S18_1367   , Lyon Souveniers
      10369, 1/20/2005 0:00 ,  3156.16, Shipped   ,      1,        1,    2005,               7,              32,     98.63, S18_1367   , Collectables For Less Inc.
      10381, 2/17/2005 0:00 ,  1320.75, Shipped   ,      1,        2,    2005,               9,              25,     52.83, S18_1367   , Corporate Gift Ideas Co.
      10422, 5/30/2005 0:00 ,  1293.75, In Process,      2,        5,    2005,               1,              25,     51.75, S18_1367   , Diecast Classics Inc.
      10137, 7/10/2003 0:00 ,  4380.2 , Shipped   ,      3,        7,    2003,               2,              44,     99.55, S18_1589   , Reims Collectables
      10161, 10/17/2003 0:00,  6153.73, Shipped   ,      4,       10,    2003,               8,              43,    100.0 , S18_1589   , Heintze Collectables
      10172, 11/5/2003 0:00 ,  4965.24, Shipped   ,      4,       11,    2003,               6,              42,    100.0 , S18_1589   , Gift Depot Inc.
      10192, 11/20/2003 0:00,  4258.36, Shipped   ,      4,       11,    2003,               7,              29,    100.0 , S18_1589   , Online Diecast Creations Co.
      10204, 12/2/2003 0:00 ,  4032.0 , Shipped   ,      4,       12,    2003,              13,              40,    100.0 , S18_1589   , Muscle Machine Inc
      10226, 2/26/2004 0:00 ,  4161.38, Shipped   ,      1,        2,    2004,               4,              38,    100.0 , S18_1589   , Collectable Mini Designs Co.
      10266, 7/6/2004 0:00  ,  5196.6 , Shipped   ,      3,        7,    2004,               2,              36,    100.0 , S18_1589   , L'ordine Souveniers
      10278, 8/6/2004 0:00  ,  2604.52, Shipped   ,      3,        8,    2004,               2,              23,    100.0 , S18_1589   , Signal Gift Stores
      10288, 9/1/2004 0:00  ,  2936.8 , Shipped   ,      3,        9,    2004,              14,              20,    100.0 , S18_1589   , Handji Gifts& Co
      10321, 11/4/2004 0:00 ,  4489.76, Shipped   ,      4,       11,    2004,               6,              44,    100.0 , S18_1589   , FunGiftIdeas.com
      10331, 11/17/2004 0:00,  4849.24, Shipped   ,      4,       11,    2004,              14,              44,    100.0 , S18_1589   , Motor Mint Distributors Inc.
      10343, 11/24/2004 0:00,  5848.92, Shipped   ,      4,       11,    2004,               4,              36,    100.0 , S18_1589   , Reims Collectables
      10367, 1/12/2005 0:00 ,  2758.7 , Resolved  ,      1,        1,    2005,               1,              49,     56.3 , S18_1589   , Toys4GrownUps.com
      10407, 4/22/2005 0:00 ,  7048.14, On Hold   ,      2,        4,    2005,              11,              59,    100.0 , S18_1589   , The Sharp Gifts Warehouse
      10419, 5/17/2005 0:00 ,  5202.94, Shipped   ,      2,        5,    2005,               1,              37,    100.0 , S18_1589   , Salzburg Collectables
      10106, 2/17/2003 0:00 ,  5279.4 , Shipped   ,      1,        2,    2003,              12,              36,    100.0 , S18_1662   , Rovelli Gifts
      10119, 4/28/2003 0:00 ,  6916.12, Shipped   ,      2,        4,    2003,               3,              43,    100.0 , S18_1662   , Salzburg Collectables
      10131, 6/16/2003 0:00 ,  2781.66, Shipped   ,      2,        6,    2003,               4,              21,    100.0 , S18_1662   , Gift Ideas Corp.
      10143, 8/10/2003 0:00 ,  5248.0 , Shipped   ,      3,        8,    2003,               7,              32,    100.0 , S18_1662   , Mini Creations Ltd.
      10167, 10/23/2003 0:00,  5763.72, Cancelled ,      4,       10,    2003,               1,              43,    100.0 , S18_1662   , Scandinavian Gift Ideas
      10178, 11/8/2003 0:00 ,  6490.68, Shipped   ,      4,       11,    2003,               4,              42,    100.0 , S18_1662   , Alpha Cognac
      10198, 11/27/2003 0:00,  7483.98, Shipped   ,      4,       11,    2003,               4,              42,    100.0 , S18_1662   , Cruz & Sons Co.
      10222, 2/19/2004 0:00 ,  6954.08, Shipped   ,      1,        2,    2004,               4,              49,    100.0 , S18_1662   , Collectable Mini Designs Co.
      10250, 5/11/2004 0:00 ,  8160.3 , Shipped   ,      2,        5,    2004,              14,              45,    100.0 , S18_1662   , The Sharp Gifts Warehouse
      10274, 7/21/2004 0:00 ,  6724.0 , Shipped   ,      3,        7,    2004,               1,              41,    100.0 , S18_1662   , Collectables For Less Inc.
      10316, 11/1/2004 0:00 ,  3704.13, Shipped   ,      4,       11,    2004,               9,              27,    100.0 , S18_1662   , giftsbymail.co.uk
      10327, 11/10/2004 0:00,  2804.75, Resolved  ,      4,       11,    2004,               6,              25,    100.0 , S18_1662   , Danish Wholesale Imports
      10398, 3/30/2005 0:00 ,  4215.09, Shipped   ,      1,        3,    2005,              11,              33,    100.0 , S18_1662   , Reims Collectables
      10400, 4/1/2005 0:00  ,  6433.82, Shipped   ,      2,        4,    2005,               1,              34,    100.0 , S18_1662   , The Sharp Gifts Warehouse
      10416, 5/10/2005 0:00 ,  4352.16, Shipped   ,      2,        5,    2005,              14,              24,    100.0 , S18_1662   , L'ordine Souveniers
      10100, 1/6/2003 0:00  ,  5151.0 , Shipped   ,      1,        1,    2003,               3,              30,    100.0 , S18_1749   , Online Diecast Creations Co.
      10124, 5/21/2003 0:00 ,  2856.0 , Shipped   ,      2,        5,    2003,               6,              21,    100.0 , S18_1749   , Signal Gift Stores
      10149, 9/12/2003 0:00 ,  5375.4 , Shipped   ,      3,        9,    2003,              11,              34,    100.0 , S18_1749   , Signal Collectibles Ltd.
      10162, 10/18/2003 0:00,  5176.5 , Shipped   ,      4,       10,    2003,               9,              29,    100.0 , S18_1749   , Corporate Gift Ideas Co.
      10173, 11/5/2003 0:00 ,  3508.8 , Shipped   ,      4,       11,    2003,              13,              24,    100.0 , S18_1749   , Rovelli Gifts
      10182, 11/12/2003 0:00,  7554.8 , Shipped   ,      4,       11,    2003,              10,              44,    100.0 , S18_1749   , Mini Gifts Distributors Ltd.
      10204, 12/2/2003 0:00 ,  5890.5 , Shipped   ,      4,       12,    2003,               4,              33,    100.0 , S18_1749   , Muscle Machine Inc
      10280, 8/17/2004 0:00 ,  3668.6 , Shipped   ,      3,        8,    2004,              16,              26,    100.0 , S18_1749   , Amica Models & Co.
      10288, 9/1/2004 0:00  ,  5875.2 , Shipped   ,      3,        9,    2004,               5,              32,    100.0 , S18_1749   , Handji Gifts& Co
      10312, 10/21/2004 0:00,  8078.4 , Shipped   ,      4,       10,    2004,              17,              48,    100.0 , S18_1749   , Mini Gifts Distributors Ltd.
      10331, 11/17/2004 0:00,  3257.76, Shipped   ,      4,       11,    2004,               7,              44,     74.04, S18_1749   , Motor Mint Distributors Inc.
      10367, 1/12/2005 0:00 ,  4703.81, Resolved  ,      1,        1,    2005,               3,              37,    100.0 , S18_1749   , Toys4GrownUps.com
      10407, 4/22/2005 0:00 , 14082.8 , On Hold   ,      2,        4,    2005,               2,              76,    100.0 , S18_1749   , The Sharp Gifts Warehouse
      10108, 3/3/2003 0:00  ,  3130.82, Shipped   ,      1,        3,    2003,               2,              38,     82.39, S18_1889   , Cruz & Sons Co.
      10135, 7/2/2003 0:00  ,  3806.88, Shipped   ,      3,        7,    2003,               3,              48,     79.31, S18_1889   , Mini Gifts Distributors Ltd.
      10147, 9/5/2003 0:00  ,  2142.14, Shipped   ,      3,        9,    2003,               3,              26,     82.39, S18_1889   , Collectables For Less Inc.
      10170, 11/4/2003 0:00 ,  1262.8 , Shipped   ,      4,       11,    2003,               2,              20,     63.14, S18_1889   , Mini Auto Werke
      10192, 11/20/2003 0:00,  4088.7 , Shipped   ,      4,       11,    2003,              15,              45,     90.86, S18_1889   , Online Diecast Creations Co.
      10266, 7/6/2004 0:00  ,  2464.77, Shipped   ,      3,        7,    2004,              10,              33,     74.69, S18_1889   , L'ordine Souveniers
      10278, 8/6/2004 0:00  ,  2634.94, Shipped   ,      3,        8,    2004,              10,              29,     90.86, S18_1889   , Signal Gift Stores
      10321, 11/4/2004 0:00 ,  2905.98, Shipped   ,      4,       11,    2004,              14,              37,     78.54, S18_1889   , FunGiftIdeas.com
      10329, 11/15/2004 0:00,  2954.81, Shipped   ,      4,       11,    2004,               9,              29,    100.0 , S18_1889   , Land of Toys Inc.
      10389, 3/3/2005 0:00  ,  3881.78, Shipped   ,      1,        3,    2005,               3,              49,     79.22, S18_1889   , Scandinavian Gift Ideas
      10419, 5/17/2005 0:00 ,  3273.27, Shipped   ,      2,        5,    2005,               9,              39,     83.93, S18_1889   , Salzburg Collectables
      10109, 3/10/2003 0:00 ,  4432.7 , Shipped   ,      1,        3,    2003,               3,              38,    100.0 , S18_1984   , Motor Mint Distributors Inc.
      10136, 7/4/2003 0:00  ,  5274.72, Shipped   ,      3,        7,    2003,               1,              36,    100.0 , S18_1984   , Alpha Cognac
      10161, 10/17/2003 0:00,  6145.44, Shipped   ,      4,       10,    2003,              11,              48,    100.0 , S18_1984   , Heintze Collectables
      10171, 11/5/2003 0:00 ,  4680.2 , Shipped   ,      4,       11,    2003,               1,              35,    100.0 , S18_1984   , Quebec Home Shopping Network
      10192, 11/20/2003 0:00,  7421.3 , Shipped   ,      4,       11,    2003,              10,              47,    100.0 , S18_1984   , Online Diecast Creations Co.
      10204, 12/2/2003 0:00 ,  6432.64, Shipped   ,      4,       12,    2003,              16,              38,    100.0 , S18_1984   , Muscle Machine Inc
      10226, 2/26/2004 0:00 ,  3892.08, Shipped   ,      1,        2,    2004,               7,              24,    100.0 , S18_1984   , Collectable Mini Designs Co.
      10266, 7/6/2004 0:00  ,  6203.4 , Shipped   ,      3,        7,    2004,               5,              49,    100.0 , S18_1984   , L'ordine Souveniers
      10278, 8/6/2004 0:00  ,  3754.05, Shipped   ,      3,        8,    2004,               5,              29,    100.0 , S18_1984   , Signal Gift Stores
      10321, 11/4/2004 0:00 ,  3734.0 , Shipped   ,      4,       11,    2004,               9,              25,    100.0 , S18_1984   , FunGiftIdeas.com
      10331, 11/17/2004 0:00,   974.1 , Shipped   ,      4,       11,    2004,               8,              30,     32.47, S18_1984   , Motor Mint Distributors Inc.
      10356, 12/9/2004 0:00 ,  1746.63, Shipped   ,      4,       12,    2004,               2,              27,     64.69, S18_1984   , Lyon Souveniers
      10390, 3/4/2005 0:00  ,  1463.7 , Shipped   ,      1,        3,    2005,              15,              34,     43.05, S18_1984   , Mini Gifts Distributors Ltd.
      10406, 4/15/2005 0:00 ,  7169.28, Disputed  ,      2,        4,    2005,               2,              48,    100.0 , S18_1984   , Danish Wholesale Imports
      10419, 5/17/2005 0:00 ,  4594.76, Shipped   ,      2,        5,    2005,               4,              34,    100.0 , S18_1984   , Salzburg Collectables
      10115, 4/4/2003 0:00  ,  7381.16, Shipped   ,      2,        4,    2003,               4,              46,    100.0 , S18_2238   , Classic Legends Inc.
      10127, 6/3/2003 0:00  ,  7146.9 , Shipped   ,      2,        6,    2003,              10,              45,    100.0 , S18_2238   , Muscle Machine Inc
      10176, 11/6/2003 0:00 ,  3667.6 , Shipped   ,      4,       11,    2003,              10,              20,    100.0 , S18_2238   , L'ordine Souveniers
      10195, 11/25/2003 0:00,  5128.11, Shipped   ,      4,       11,    2003,               5,              27,    100.0 , S18_2238   , Mini Classics
      10207, 12/9/2003 0:00 ,  7060.24, Shipped   ,      4,       12,    2003,               6,              44,    100.0 , S18_2238   , Diecast Collectables
      10219, 2/10/2004 0:00 ,  8448.64, Shipped   ,      1,        2,    2004,               1,              43,    100.0 , S18_2238   , Signal Collectibles Ltd.
      10259, 6/15/2004 0:00 ,  5697.9 , Shipped   ,      2,        6,    2004,               3,              30,    100.0 , S18_2238   , Handji Gifts& Co
      10271, 7/20/2004 0:00 ,  9169.0 , Shipped   ,      3,        7,    2004,               4,              50,    100.0 , S18_2238   , Mini Gifts Distributors Ltd.
      10282, 8/20/2004 0:00 ,  3238.63, Shipped   ,      3,        8,    2004,              13,              23,    100.0 , S18_2238   , Mini Gifts Distributors Ltd.
      10292, 9/8/2004 0:00  ,  4554.94, Shipped   ,      3,        9,    2004,               7,              26,    100.0 , S18_2238   , Land of Toys Inc.
      10305, 10/13/2004 0:00,  3934.44, Shipped   ,      4,       10,    2004,               4,              27,    100.0 , S18_2238   , Marta's Replicas Co.
      10314, 10/22/2004 0:00,  5776.26, Shipped   ,      4,       10,    2004,              13,              42,    100.0 , S18_2238   , Heintze Collectables
      10324, 11/5/2004 0:00 ,  7207.45, Shipped   ,      4,       11,    2004,               8,              47,    100.0 , S18_2238   , Vitachrome Inc.
      10349, 12/1/2004 0:00 ,  6719.54, Shipped   ,      4,       12,    2004,               8,              38,    100.0 , S18_2238   , Muscle Machine Inc
      10371, 1/23/2005 0:00 ,  2602.25, Shipped   ,      1,        1,    2005,               7,              25,    100.0 , S18_2238   , Mini Gifts Distributors Ltd.
      10382, 2/17/2005 0:00 ,  2200.0 , Shipped   ,      1,        2,    2005,               5,              25,     88.0 , S18_2238   , Mini Gifts Distributors Ltd.
      10100, 1/6/2003 0:00  ,  3390.0 , Shipped   ,      1,        1,    2003,               2,              50,     67.8 , S18_2248   , Online Diecast Creations Co.
      10124, 5/21/2003 0:00 ,  2262.96, Shipped   ,      2,        5,    2003,               5,              42,     53.88, S18_2248   , Signal Gift Stores
      10149, 9/12/2003 0:00 ,  1496.64, Shipped   ,      3,        9,    2003,              10,              24,     62.36, S18_2248   , Signal Collectibles Ltd.
      10162, 10/18/2003 0:00,  1879.74, Shipped   ,      4,       10,    2003,               8,              27,     69.62, S18_2248   , Corporate Gift Ideas Co.
      10173, 11/5/2003 0:00 ,  1495.26, Shipped   ,      4,       11,    2003,              12,              26,     57.51, S18_2248   , Rovelli Gifts
      10182, 11/12/2003 0:00,  2323.7 , Shipped   ,      4,       11,    2003,               9,              38,     61.15, S18_2248   , Mini Gifts Distributors Ltd.
      10204, 12/2/2003 0:00 ,  1643.12, Shipped   ,      4,       12,    2003,               3,              23,     71.44, S18_2248   , Muscle Machine Inc
      10280, 8/17/2004 0:00 ,  1574.0 , Shipped   ,      3,        8,    2004,              15,              25,     62.96, S18_2248   , Amica Models & Co.
      10288, 9/1/2004 0:00  ,  1729.0 , Shipped   ,      3,        9,    2004,               4,              28,     61.75, S18_2248   , Handji Gifts& Co
      10312, 10/21/2004 0:00,  1834.5 , Shipped   ,      4,       10,    2004,              16,              30,     61.15, S18_2248   , Mini Gifts Distributors Ltd.
      10367, 1/12/2005 0:00 ,  8884.8 , Resolved  ,      1,        1,    2005,               4,              45,    100.0 , S18_2248   , Toys4GrownUps.com
      10407, 4/22/2005 0:00 ,  3051.3 , On Hold   ,      2,        4,    2005,               1,              42,     72.65, S18_2248   , The Sharp Gifts Warehouse
      10127, 6/3/2003 0:00  ,  6295.95, Shipped   ,      2,        6,    2003,              14,              45,    100.0 , S18_2319   , Muscle Machine Inc
      10195, 11/25/2003 0:00,  3608.15, Shipped   ,      4,       11,    2003,               9,              35,    100.0 , S18_2319   , Mini Classics
      10207, 12/9/2003 0:00 ,  5752.54, Shipped   ,      4,       12,    2003,              10,              43,    100.0 , S18_2319   , Diecast Collectables
      10229, 3/11/2004 0:00 ,  3765.32, Shipped   ,      1,        3,    2004,               4,              26,    100.0 , S18_2319   , Mini Gifts Distributors Ltd.
      10259, 6/15/2004 0:00 ,  3379.94, Shipped   ,      2,        6,    2004,               7,              34,     99.41, S18_2319   , Handji Gifts& Co
      10271, 7/20/2004 0:00 ,  5093.5 , Shipped   ,      3,        7,    2004,               8,              50,    100.0 , S18_2319   , Mini Gifts Distributors Ltd.
      10281, 8/19/2004 0:00 ,  5773.44, Shipped   ,      3,        8,    2004,               4,              48,    100.0 , S18_2319   , Diecast Classics Inc.
      10292, 9/8/2004 0:00  ,  4528.86, Shipped   ,      3,        9,    2004,              11,              41,    100.0 , S18_2319   , Land of Toys Inc.
      10305, 10/13/2004 0:00,  4816.08, Shipped   ,      4,       10,    2004,               8,              36,    100.0 , S18_2319   , Marta's Replicas Co.
      10313, 10/22/2004 0:00,  3416.78, Shipped   ,      4,       10,    2004,               2,              29,    100.0 , S18_2319   , Canadian Gift Exchange Network
      10324, 11/5/2004 0:00 ,  1236.84, Shipped   ,      4,       11,    2004,              10,              33,     37.48, S18_2319   , Vitachrome Inc.
      10349, 12/1/2004 0:00 ,  5223.48, Shipped   ,      4,       12,    2004,               7,              38,    100.0 , S18_2319   , Muscle Machine Inc
      10124, 5/21/2003 0:00 ,  4431.84, Shipped   ,      2,        5,    2003,               3,              42,    100.0 , S18_2325   , Signal Gift Stores
      10149, 9/12/2003 0:00 ,  4950.33, Shipped   ,      3,        9,    2003,               8,              33,    100.0 , S18_2325   , Signal Collectibles Ltd.
      10162, 10/18/2003 0:00,  4299.7 , Shipped   ,      4,       10,    2003,               6,              38,    100.0 , S18_2325   , Corporate Gift Ideas Co.
      10173, 11/5/2003 0:00 ,  4492.83, Shipped   ,      4,       11,    2003,              10,              31,    100.0 , S18_2325   , Rovelli Gifts
      10182, 11/12/2003 0:00,  2212.0 , Shipped   ,      4,       11,    2003,               7,              20,    100.0 , S18_2325   , Mini Gifts Distributors Ltd.
      10204, 12/2/2003 0:00 ,  3206.32, Shipped   ,      4,       12,    2003,               1,              26,    100.0 , S18_2325   , Muscle Machine Inc
      10243, 4/26/2004 0:00 ,  6154.18, Shipped   ,      2,        4,    2004,               2,              47,    100.0 , S18_2325   , Diecast Collectables
      10280, 8/17/2004 0:00 ,  4750.8 , Shipped   ,      3,        8,    2004,              13,              37,    100.0 , S18_2325   , Amica Models & Co.
      10288, 9/1/2004 0:00  ,  3822.92, Shipped   ,      3,        9,    2004,               2,              31,    100.0 , S18_2325   , Handji Gifts& Co
      10312, 10/21/2004 0:00,  4729.36, Shipped   ,      4,       10,    2004,              14,              31,    100.0 , S18_2325   , Mini Gifts Distributors Ltd.
      10322, 11/4/2004 0:00 , 12536.5 , Shipped   ,      4,       11,    2004,               6,              50,    100.0 , S18_2325   , Online Diecast Creations Co.
      10356, 12/9/2004 0:00 ,  3630.22, Shipped   ,      4,       12,    2004,               3,              29,    100.0 , S18_2325   , Lyon Souveniers
      10367, 1/12/2005 0:00 ,  4196.07, Resolved  ,      1,        1,    2005,               5,              27,    100.0 , S18_2325   , Toys4GrownUps.com
      10390, 3/4/2005 0:00  ,  3068.69, Shipped   ,      1,        3,    2005,              16,              31,     98.99, S18_2325   , Mini Gifts Distributors Ltd.
      10409, 4/23/2005 0:00 ,   785.64, Shipped   ,      2,        4,    2005,               2,               6,    100.0 , S18_2325   , Handji Gifts& Co
      10103, 1/29/2003 0:00 ,  1189.98, Shipped   ,      1,        1,    2003,               2,              22,     54.09, S18_2432   , Baane Mini Imports
      10140, 7/24/2003 0:00 ,  2851.54, Shipped   ,      3,        7,    2003,               2,              46,     61.99, S18_2432   , Technics Stores Inc.
      10207, 12/9/2003 0:00 ,  2585.93, Shipped   ,      4,       12,    2003,              13,              37,     69.89, S18_2432   , Diecast Collectables
      10217, 2/4/2004 0:00  ,  2148.3 , Shipped   ,      1,        2,    2004,               2,              35,     61.38, S18_2432   , Handji Gifts& Co
      10229, 3/11/2004 0:00 ,  1667.4 , Shipped   ,      1,        3,    2004,               7,              28,     59.55, S18_2432   , Mini Gifts Distributors Ltd.
      10259, 6/15/2004 0:00 ,  1476.6 , Shipped   ,      2,        6,    2004,              10,              30,     49.22, S18_2432   , Handji Gifts& Co
      10271, 7/20/2004 0:00 ,  1732.0 , Shipped   ,      3,        7,    2004,              11,              25,     69.28, S18_2432   , Mini Gifts Distributors Ltd.
      10281, 8/19/2004 0:00 ,  1674.17, Shipped   ,      3,        8,    2004,               7,              29,     57.73, S18_2432   , Diecast Classics Inc.
      10291, 9/8/2004 0:00  ,  1500.98, Shipped   ,      3,        9,    2004,               2,              26,     57.73, S18_2432   , Scandinavian Gift Ideas
      10305, 10/13/2004 0:00,  2192.68, Shipped   ,      4,       10,    2004,              11,              41,     53.48, S18_2432   , Marta's Replicas Co.
      10313, 10/22/2004 0:00,  1797.58, Shipped   ,      4,       10,    2004,               5,              34,     52.87, S18_2432   , Canadian Gift Exchange Network
      10322, 11/4/2004 0:00 ,  2142.35, Shipped   ,      4,       11,    2004,              11,              35,     61.21, S18_2432   , Online Diecast Creations Co.
      10357, 12/10/2004 0:00,  2541.59, Shipped   ,      4,       12,    2004,               7,              41,     61.99, S18_2432   , Mini Gifts Distributors Ltd.
      10381, 2/17/2005 0:00 ,  1701.7 , Shipped   ,      1,        2,    2005,               7,              35,     48.62, S18_2432   , Corporate Gift Ideas Co.
      10106, 2/17/2003 0:00 ,  3073.26, Shipped   ,      1,        2,    2003,               2,              34,     90.39, S18_2581   , Rovelli Gifts
      10145, 8/25/2003 0:00 ,  2559.6 , Shipped   ,      3,        8,    2003,              14,              30,     85.32, S18_2581   , Toys4GrownUps.com
      10168, 10/28/2003 0:00,  1490.16, Shipped   ,      4,       10,    2003,               9,              21,     70.96, S18_2581   , Technics Stores Inc.
      10250, 5/11/2004 0:00 ,  2668.68, Shipped   ,      2,        5,    2004,               4,              27,     98.84, S18_2581   , The Sharp Gifts Warehouse
      10263, 6/28/2004 0:00 ,  2843.61, Shipped   ,      2,        6,    2004,              10,              33,     86.17, S18_2581   , Gift Depot Inc.
      10308, 10/15/2004 0:00,  2235.33, Shipped   ,      4,       10,    2004,               7,              27,     82.79, S18_2581   , Mini Classics
      10318, 11/2/2004 0:00 ,  3116.43, Shipped   ,      4,       11,    2004,               9,              31,    100.0 , S18_2581   , Diecast Classics Inc.
      10327, 11/10/2004 0:00,  4781.7 , Resolved  ,      4,       11,    2004,               8,              45,    100.0 , S18_2581   , Danish Wholesale Imports
      10353, 12/4/2004 0:00 ,  3515.67, Shipped   ,      4,       12,    2004,               1,              27,    100.0 , S18_2581   , Gift Ideas Corp.
      10398, 3/30/2005 0:00 ,  2613.92, Shipped   ,      1,        3,    2005,              15,              34,     76.88, S18_2581   , Reims Collectables
      10401, 4/3/2005 0:00  ,  3193.26, On Hold   ,      2,        4,    2005,               3,              42,     76.03, S18_2581   , Tekni Collectables Inc.
      10416, 5/10/2005 0:00 ,  1482.6 , Shipped   ,      2,        5,    2005,               4,              15,     98.84, S18_2581   , L'ordine Souveniers
      10107, 2/24/2003 0:00 ,  2055.23, Shipped   ,      1,        2,    2003,               6,              29,     70.87, S18_2625   , Land of Toys Inc.
      10134, 7/1/2003 0:00  ,  1853.4 , Shipped   ,      3,        7,    2003,               6,              30,     61.78, S18_2625   , Lyon Souveniers
      10145, 8/25/2003 0:00 ,  1490.1 , Shipped   ,      3,        8,    2003,              10,              30,     49.67, S18_2625   , Toys4GrownUps.com
      10159, 10/10/2003 0:00,  2162.16, Shipped   ,      4,       10,    2003,              18,              42,     51.48, S18_2625   , Corporate Gift Ideas Co.
      10168, 10/28/2003 0:00,  2814.28, Shipped   ,      4,       10,    2003,               5,              46,     61.18, S18_2625   , Technics Stores Inc.
      10201, 12/1/2003 0:00 ,  1944.3 , Shipped   ,      4,       12,    2003,               6,              30,     64.81, S18_2625   , Mini Wheels Co.
      10236, 4/3/2004 0:00  ,  1281.56, Shipped   ,      2,        4,    2004,               2,              23,     55.72, S18_2625   , Motor Mint Distributors Inc.
      10251, 5/18/2004 0:00 ,  1774.22, Shipped   ,      2,        5,    2004,               6,              29,     61.18, S18_2625   , Tekni Collectables Inc.
      10263, 6/28/2004 0:00 ,  1997.5 , Shipped   ,      2,        6,    2004,               6,              34,     58.75, S18_2625   , Gift Depot Inc.
      10285, 8/27/2004 0:00 ,   981.2 , Shipped   ,      3,        8,    2004,              10,              20,     49.06, S18_2625   , Marta's Replicas Co.
      10308, 10/15/2004 0:00,  1771.06, Shipped   ,      4,       10,    2004,               3,              34,     52.09, S18_2625   , Mini Classics
      10318, 11/2/2004 0:00 ,  2213.4 , Shipped   ,      4,       11,    2004,               5,              42,     52.7 , S18_2625   , Diecast Classics Inc.
      10329, 11/15/2004 0:00,  5266.04, Shipped   ,      4,       11,    2004,              12,              38,    100.0 , S18_2625   , Land of Toys Inc.
      10362, 1/5/2005 0:00  ,  1142.41, Shipped   ,      1,        1,    2005,               3,              23,     49.67, S18_2625   , Technics Stores Inc.
      10389, 3/3/2005 0:00  ,  6981.0 , Shipped   ,      1,        3,    2005,               5,              39,    100.0 , S18_2625   , Scandinavian Gift Ideas
      10149, 9/12/2003 0:00 ,  4230.62, Shipped   ,      3,        9,    2003,               5,              23,    100.0 , S18_2795   , Signal Collectibles Ltd.
      10162, 10/18/2003 0:00,  7209.12, Shipped   ,      4,       10,    2003,               3,              48,    100.0 , S18_2795   , Corporate Gift Ideas Co.
      10173, 11/5/2003 0:00 ,  3452.68, Shipped   ,      4,       11,    2003,               7,              22,    100.0 , S18_2795   , Rovelli Gifts
      10182, 11/12/2003 0:00,  3047.73, Shipped   ,      4,       11,    2003,               4,              21,    100.0 , S18_2795   , Mini Gifts Distributors Ltd.
      10280, 8/17/2004 0:00 ,  4455.0 , Shipped   ,      3,        8,    2004,              10,              22,    100.0 , S18_2795   , Amica Models & Co.
      10312, 10/21/2004 0:00,  3881.25, Shipped   ,      4,       10,    2004,              11,              25,    100.0 , S18_2795   , Mini Gifts Distributors Ltd.
      10322, 11/4/2004 0:00 ,  5797.44, Shipped   ,      4,       11,    2004,               2,              36,    100.0 , S18_2795   , Online Diecast Creations Co.
      10356, 12/9/2004 0:00 ,  4462.2 , Shipped   ,      4,       12,    2004,               1,              30,    100.0 , S18_2795   , Lyon Souveniers
      10367, 1/12/2005 0:00 ,  3033.28, Resolved  ,      1,        1,    2005,               7,              32,     94.79, S18_2795   , Toys4GrownUps.com
      10390, 3/4/2005 0:00  ,  2030.86, Shipped   ,      1,        3,    2005,               7,              26,     78.11, S18_2795   , Mini Gifts Distributors Ltd.
      10421, 5/29/2005 0:00 ,  5433.75, In Process,      2,        5,    2005,               1,              35,    100.0 , S18_2795   , Mini Gifts Distributors Ltd.
      10109, 3/10/2003 0:00 ,  3157.44, Shipped   ,      1,        3,    2003,               1,              26,    100.0 , S18_2870   , Motor Mint Distributors Inc.
      10137, 7/10/2003 0:00 ,  4346.76, Shipped   ,      3,        7,    2003,               3,              37,    100.0 , S18_2870   , Reims Collectables
      10161, 10/17/2003 0:00,  3187.8 , Shipped   ,      4,       10,    2003,               9,              23,    100.0 , S18_2870   , Heintze Collectables
      10172, 11/5/2003 0:00 ,  6023.16, Shipped   ,      4,       11,    2003,               7,              39,    100.0 , S18_2870   , Gift Depot Inc.
      10192, 11/20/2003 0:00,  4965.84, Shipped   ,      4,       11,    2003,               8,              38,    100.0 , S18_2870   , Online Diecast Creations Co.
      10204, 12/2/2003 0:00 ,  4169.88, Shipped   ,      4,       12,    2003,              14,              27,    100.0 , S18_2870   , Muscle Machine Inc
      10226, 2/26/2004 0:00 ,  3231.36, Shipped   ,      1,        2,    2004,               5,              24,    100.0 , S18_2870   , Collectable Mini Designs Co.
      10266, 7/6/2004 0:00  ,  2824.8 , Shipped   ,      3,        7,    2004,               3,              20,    100.0 , S18_2870   , L'ordine Souveniers
      10278, 8/6/2004 0:00  ,  4324.32, Shipped   ,      3,        8,    2004,               3,              39,    100.0 , S18_2870   , Signal Gift Stores
      10321, 11/4/2004 0:00 ,  2851.2 , Shipped   ,      4,       11,    2004,               7,              27,    100.0 , S18_2870   , FunGiftIdeas.com
      10331, 11/17/2004 0:00,  1687.4 , Shipped   ,      4,       11,    2004,              10,              26,     64.9 , S18_2870   , Motor Mint Distributors Inc.
      10343, 11/24/2004 0:00,  1308.0 , Shipped   ,      4,       11,    2004,               3,              25,     52.32, S18_2870   , Reims Collectables
      10407, 4/22/2005 0:00 ,  6386.16, On Hold   ,      2,        4,    2005,              12,              41,    100.0 , S18_2870   , The Sharp Gifts Warehouse
      10419, 5/17/2005 0:00 ,  7695.6 , Shipped   ,      2,        5,    2005,               2,              55,    100.0 , S18_2870   , Salzburg Collectables
      10103, 1/29/2003 0:00 ,  2242.89, Shipped   ,      1,        1,    2003,              12,              27,     83.07, S18_2949   , Baane Mini Imports
      10163, 10/20/2003 0:00,  3329.09, Shipped   ,      4,       10,    2003,               2,              31,    100.0 , S18_2949   , Classic Legends Inc.
      10206, 12/5/2003 0:00 ,  3336.29, Shipped   ,      4,       12,    2003,               7,              37,     90.17, S18_2949   , Canadian Gift Exchange Network
      10215, 1/29/2004 0:00 ,  5510.05, Shipped   ,      1,        1,    2004,               4,              49,    100.0 , S18_2949   , West Coast Collectables Co.
      10228, 3/10/2004 0:00 ,  2504.4 , Shipped   ,      1,        3,    2004,               3,              24,    100.0 , S18_2949   , Cambridge Collectables Co.
      10257, 6/14/2004 0:00 ,  4407.0 , Shipped   ,      2,        6,    2004,               1,              50,     88.14, S18_2949   , The Sharp Gifts Warehouse
      10280, 8/17/2004 0:00 ,  5126.24, Shipped   ,      3,        8,    2004,               3,              46,    100.0 , S18_2949   , Amica Models & Co.
      10291, 9/8/2004 0:00  ,  5713.79, Shipped   ,      3,        9,    2004,              12,              47,    100.0 , S18_2949   , Scandinavian Gift Ideas
      10312, 10/21/2004 0:00,  3711.1 , Shipped   ,      4,       10,    2004,               4,              37,    100.0 , S18_2949   , Mini Gifts Distributors Ltd.
      10322, 11/4/2004 0:00 ,  3524.73, Shipped   ,      4,       11,    2004,              12,              33,    100.0 , S18_2949   , Online Diecast Creations Co.
      10333, 11/18/2004 0:00,  2795.27, Shipped   ,      4,       11,    2004,               5,              31,     90.17, S18_2949   , Mini Wheels Co.
      10357, 12/10/2004 0:00,  3572.33, Shipped   ,      4,       12,    2004,               6,              41,     87.13, S18_2949   , Mini Gifts Distributors Ltd.
      10369, 1/20/2005 0:00 ,  4581.36, Shipped   ,      1,        1,    2005,               1,              42,    100.0 , S18_2949   , Collectables For Less Inc.
      10381, 2/17/2005 0:00 ,  4319.76, Shipped   ,      1,        2,    2005,               8,              41,    100.0 , S18_2949   , Corporate Gift Ideas Co.
      10423, 5/30/2005 0:00 ,   881.4 , In Process,      2,        5,    2005,               1,              10,     88.14, S18_2949   , Petit Auto
      10103, 1/29/2003 0:00 ,  2011.1 , Shipped   ,      1,        1,    2003,              14,              35,     57.46, S18_2957   , Baane Mini Imports
      10111, 3/25/2003 0:00 ,  1801.24, Shipped   ,      1,        3,    2003,               2,              28,     64.33, S18_2957   , Mini Wheels Co.
      10163, 10/20/2003 0:00,  3358.08, Shipped   ,      4,       10,    2003,               4,              48,     69.96, S18_2957   , Classic Legends Inc.
      10173, 11/5/2003 0:00 ,  1504.16, Shipped   ,      4,       11,    2003,               2,              28,     53.72, S18_2957   , Rovelli Gifts
      10206, 12/5/2003 0:00 ,  1888.88, Shipped   ,      4,       12,    2003,               9,              28,     67.46, S18_2957   , Canadian Gift Exchange Network
      10215, 1/29/2004 0:00 ,  1820.01, Shipped   ,      1,        1,    2004,               6,              31,     58.71, S18_2957   , West Coast Collectables Co.
      10228, 3/10/2004 0:00 ,  2866.95, Shipped   ,      1,        3,    2004,               5,              45,     63.71, S18_2957   , Cambridge Collectables Co.
      10257, 6/14/2004 0:00 ,  2632.28, Shipped   ,      2,        6,    2004,               3,              49,     53.72, S18_2957   , The Sharp Gifts Warehouse
      10269, 7/16/2004 0:00 ,  2018.56, Shipped   ,      3,        7,    2004,               1,              32,     63.08, S18_2957   , Salzburg Collectables
      10280, 8/17/2004 0:00 ,  2954.53, Shipped   ,      3,        8,    2004,               5,              43,     68.71, S18_2957   , Amica Models & Co.
      10291, 9/8/2004 0:00  ,  1871.83, Shipped   ,      3,        9,    2004,              14,              37,     50.59, S18_2957   , Scandinavian Gift Ideas
      10312, 10/21/2004 0:00,  1880.2 , Shipped   ,      4,       10,    2004,               6,              35,     53.72, S18_2957   , Mini Gifts Distributors Ltd.
      10322, 11/4/2004 0:00 ,  1224.67, Shipped   ,      4,       11,    2004,              13,              41,     29.87, S18_2957   , Online Diecast Creations Co.
      10357, 12/10/2004 0:00,  3458.42, Shipped   ,      4,       12,    2004,               5,              49,     70.58, S18_2957   , Mini Gifts Distributors Ltd.
      10369, 1/20/2005 0:00 ,  1237.88, Shipped   ,      1,        1,    2005,               6,              28,     44.21, S18_2957   , Collectables For Less Inc.
      10381, 2/17/2005 0:00 ,  2723.2 , Shipped   ,      1,        2,    2005,               4,              40,     68.08, S18_2957   , Corporate Gift Ideas Co.
      10392, 3/10/2005 0:00 ,  2218.52, Shipped   ,      1,        3,    2005,               3,              37,     59.96, S18_2957   , Mini Auto Werke
      10423, 5/30/2005 0:00 ,  1665.32, In Process,      2,        5,    2005,               3,              31,     53.72, S18_2957   , Petit Auto
      10106, 2/17/2003 0:00 ,  3421.04, Shipped   ,      1,        2,    2003,              18,              41,     83.44, S18_3029   , Rovelli Gifts
      10119, 4/28/2003 0:00 ,  1878.66, Shipped   ,      2,        4,    2003,               9,              21,     89.46, S18_3029   , Salzburg Collectables
      10130, 6/16/2003 0:00 ,  3853.6 , Shipped   ,      2,        6,    2003,               2,              40,     96.34, S18_3029   , Auto-Moto Classics Inc.
      10143, 8/10/2003 0:00 ,  3442.64, Shipped   ,      3,        8,    2003,              13,              46,     74.84, S18_3029   , Mini Creations Ltd.
      10167, 10/23/2003 0:00,  3363.52, Cancelled ,      4,       10,    2003,               7,              46,     73.12, S18_3029   , Scandinavian Gift Ideas
      10178, 11/8/2003 0:00 ,  3350.52, Shipped   ,      4,       11,    2003,              10,              41,     81.72, S18_3029   , Alpha Cognac
      10222, 2/19/2004 0:00 ,  4636.38, Shipped   ,      1,        2,    2004,              10,              49,     94.62, S18_3029   , Collectable Mini Designs Co.
      10248, 5/7/2004 0:00  ,  1553.58, Cancelled ,      2,        5,    2004,               1,              21,     73.98, S18_3029   , Land of Toys Inc.
      10273, 7/21/2004 0:00 ,  3334.04, Shipped   ,      3,        7,    2004,               2,              34,     98.06, S18_3029   , Petit Auto
      10316, 11/1/2004 0:00 ,  1987.02, Shipped   ,      4,       11,    2004,              15,              21,     94.62, S18_3029   , giftsbymail.co.uk
      10327, 11/10/2004 0:00,  1146.5 , Resolved  ,      4,       11,    2004,               5,              25,     45.86, S18_3029   , Danish Wholesale Imports
      10398, 3/30/2005 0:00 ,  2023.28, Shipped   ,      1,        3,    2005,              18,              28,     72.26, S18_3029   , Reims Collectables
      10400, 4/1/2005 0:00  ,  2245.2 , Shipped   ,      2,        4,    2005,               7,              30,     74.84, S18_3029   , The Sharp Gifts Warehouse
      10414, 5/6/2005 0:00  ,  3255.12, On Hold   ,      2,        5,    2005,               1,              44,     73.98, S18_3029   , Gifts4AllAges.com
      10103, 1/29/2003 0:00 ,  2539.5 , Shipped   ,      1,        1,    2003,              13,              25,    100.0 , S18_3136   , Baane Mini Imports
      10111, 3/25/2003 0:00 ,  4818.15, Shipped   ,      1,        3,    2003,               1,              43,    100.0 , S18_3136   , Mini Wheels Co.
      10163, 10/20/2003 0:00,  4900.8 , Shipped   ,      4,       10,    2003,               3,              40,    100.0 , S18_3136   , Classic Legends Inc.
      10173, 11/5/2003 0:00 ,  2759.31, Shipped   ,      4,       11,    2003,               1,              31,     89.01, S18_3136   , Rovelli Gifts
      10206, 12/5/2003 0:00 ,  3581.4 , Shipped   ,      4,       12,    2003,               8,              30,    100.0 , S18_3136   , Canadian Gift Exchange Network
      10215, 1/29/2004 0:00 ,  5285.14, Shipped   ,      1,        1,    2004,               5,              49,    100.0 , S18_3136   , West Coast Collectables Co.
      10228, 3/10/2004 0:00 ,  3181.53, Shipped   ,      1,        3,    2004,               4,              31,    100.0 , S18_3136   , Cambridge Collectables Co.
      10257, 6/14/2004 0:00 ,  3138.34, Shipped   ,      2,        6,    2004,               2,              37,     84.82, S18_3136   , The Sharp Gifts Warehouse
      10280, 8/17/2004 0:00 ,  3006.43, Shipped   ,      3,        8,    2004,               4,              29,    100.0 , S18_3136   , Amica Models & Co.
      10291, 9/8/2004 0:00  ,  2866.26, Shipped   ,      3,        9,    2004,              13,              23,    100.0 , S18_3136   , Scandinavian Gift Ideas
      10312, 10/21/2004 0:00,  4457.02, Shipped   ,      4,       10,    2004,               5,              38,    100.0 , S18_3136   , Mini Gifts Distributors Ltd.
      10322, 11/4/2004 0:00 ,  2257.92, Shipped   ,      4,       11,    2004,               7,              48,     47.04, S18_3136   , Online Diecast Creations Co.
      10357, 12/10/2004 0:00,  5160.76, Shipped   ,      4,       12,    2004,               4,              44,    100.0 , S18_3136   , Mini Gifts Distributors Ltd.
      10369, 1/20/2005 0:00 ,  1978.62, Shipped   ,      1,        1,    2005,               5,              21,     94.22, S18_3136   , Collectables For Less Inc.
      10381, 2/17/2005 0:00 ,  4288.2 , Shipped   ,      1,        2,    2005,               5,              35,    100.0 , S18_3136   , Corporate Gift Ideas Co.
      10392, 3/10/2005 0:00 ,  2520.68, Shipped   ,      1,        3,    2005,               2,              29,     86.92, S18_3136   , Mini Auto Werke
      10423, 5/30/2005 0:00 ,  1781.22, In Process,      2,        5,    2005,               2,              21,     84.82, S18_3136   , Petit Auto
      10105, 2/11/2003 0:00 ,  3065.04, Shipped   ,      1,        2,    2003,              11,              22,    100.0 , S18_3140   , Danish Wholesale Imports
      10142, 8/8/2003 0:00  ,  6034.33, Shipped   ,      3,        8,    2003,               8,              47,    100.0 , S18_3140   , Mini Gifts Distributors Ltd.
      10166, 10/21/2003 0:00,  6930.74, Shipped   ,      4,       10,    2003,               2,              43,    100.0 , S18_3140   , FunGiftIdeas.com
      10185, 11/14/2003 0:00,  3442.04, Shipped   ,      4,       11,    2003,               9,              28,    100.0 , S18_3140   , Mini Creations Ltd.
      10196, 11/26/2003 0:00,  6893.81, Shipped   ,      4,       11,    2003,               1,              49,    100.0 , S18_3140   , Super Scale Inc.
      10221, 2/18/2004 0:00 ,  4417.38, Shipped   ,      1,        2,    2004,               3,              33,    100.0 , S18_3140   , Petit Auto
      10232, 3/20/2004 0:00 ,  3606.02, Shipped   ,      1,        3,    2004,               6,              22,    100.0 , S18_3140   , giftsbymail.co.uk
      10248, 5/7/2004 0:00  ,  3802.56, Cancelled ,      2,        5,    2004,              12,              32,    100.0 , S18_3140   , Land of Toys Inc.
      10273, 7/21/2004 0:00 ,  5026.4 , Shipped   ,      3,        7,    2004,              13,              40,    100.0 , S18_3140   , Petit Auto
      10282, 8/20/2004 0:00 ,  6695.53, Shipped   ,      3,        8,    2004,               1,              43,    100.0 , S18_3140   , Mini Gifts Distributors Ltd.
      10293, 9/9/2004 0:00  ,  2819.28, Shipped   ,      3,        9,    2004,               4,              24,    100.0 , S18_3140   , Amica Models & Co.
      10314, 10/22/2004 0:00,  2731.8 , Shipped   ,      4,       10,    2004,               1,              20,    100.0 , S18_3140   , Heintze Collectables
      10325, 11/5/2004 0:00 ,  1658.88, Shipped   ,      4,       11,    2004,               9,              24,     69.12, S18_3140   , Baane Mini Imports
      10396, 3/23/2005 0:00 ,  5273.73, Shipped   ,      1,        3,    2005,               2,              33,    100.0 , S18_3140   , Mini Gifts Distributors Ltd.
      10414, 5/6/2005 0:00  ,  4872.03, On Hold   ,      2,        5,    2005,              12,              41,    100.0 , S18_3140   , Gifts4AllAges.com
      10109, 3/10/2003 0:00 ,  8257.0 , Shipped   ,      1,        3,    2003,               5,              46,    100.0 , S18_3232   , Motor Mint Distributors Inc.
      10127, 6/3/2003 0:00  ,  3837.24, Shipped   ,      2,        6,    2003,              15,              22,    100.0 , S18_3232   , Muscle Machine Inc
      10136, 7/4/2003 0:00  ,  8331.61, Shipped   ,      3,        7,    2003,               3,              41,    100.0 , S18_3232   , Alpha Cognac
      10171, 11/5/2003 0:00 ,  5481.45, Shipped   ,      4,       11,    2003,               3,              39,    100.0 , S18_3232   , Quebec Home Shopping Network
      10192, 11/20/2003 0:00,  3918.46, Shipped   ,      4,       11,    2003,              12,              26,    100.0 , S18_3232   , Online Diecast Creations Co.
      10195, 11/25/2003 0:00,  7620.5 , Shipped   ,      4,       11,    2003,              10,              50,    100.0 , S18_3232   , Mini Classics
      10207, 12/9/2003 0:00 ,  3937.25, Shipped   ,      4,       12,    2003,              11,              25,    100.0 , S18_3232   , Diecast Collectables
      10229, 3/11/2004 0:00 ,  4172.52, Shipped   ,      1,        3,    2004,               5,              22,    100.0 , S18_3232   , Mini Gifts Distributors Ltd.
      10259, 6/15/2004 0:00 ,  3657.69, Shipped   ,      2,        6,    2004,               8,              27,    100.0 , S18_3232   , Handji Gifts& Co
      10266, 7/6/2004 0:00  ,  4812.55, Shipped   ,      3,        7,    2004,               7,              29,    100.0 , S18_3232   , L'ordine Souveniers
      10271, 7/20/2004 0:00 ,  3928.6 , Shipped   ,      3,        7,    2004,               9,              20,    100.0 , S18_3232   , Mini Gifts Distributors Ltd.
      10278, 8/6/2004 0:00  ,  6401.22, Shipped   ,      3,        8,    2004,               7,              42,    100.0 , S18_3232   , Signal Gift Stores
      10281, 8/19/2004 0:00 ,  4191.25, Shipped   ,      3,        8,    2004,               5,              25,    100.0 , S18_3232   , Diecast Classics Inc.
      10292, 9/8/2004 0:00  ,  2844.87, Shipped   ,      3,        9,    2004,              12,              21,    100.0 , S18_3232   , Land of Toys Inc.
      10305, 10/13/2004 0:00,  7455.87, Shipped   ,      4,       10,    2004,               9,              37,    100.0 , S18_3232   , Marta's Replicas Co.
      10313, 10/22/2004 0:00,  4572.25, Shipped   ,      4,       10,    2004,               3,              25,    100.0 , S18_3232   , Canadian Gift Exchange Network
      10321, 11/4/2004 0:00 ,  5700.09, Shipped   ,      4,       11,    2004,              11,              33,    100.0 , S18_3232   , FunGiftIdeas.com
      10324, 11/5/2004 0:00 ,  3155.49, Shipped   ,      4,       11,    2004,              12,              27,    100.0 , S18_3232   , Vitachrome Inc.
      10331, 11/17/2004 0:00,  4170.69, Shipped   ,      4,       11,    2004,              11,              27,    100.0 , S18_3232   , Motor Mint Distributors Inc.
      10349, 12/1/2004 0:00 ,  7396.8 , Shipped   ,      4,       12,    2004,               6,              48,    100.0 , S18_3232   , Muscle Machine Inc
      10419, 5/17/2005 0:00 ,  5926.9 , Shipped   ,      2,        5,    2005,               6,              35,    100.0 , S18_3232   , Salzburg Collectables
      10105, 2/11/2003 0:00 ,  4330.1 , Shipped   ,      1,        2,    2003,              13,              38,    100.0 , S18_3259   , Danish Wholesale Imports
      10142, 8/8/2003 0:00  ,  2151.82, Shipped   ,      3,        8,    2003,              10,              22,     97.81, S18_3259   , Mini Gifts Distributors Ltd.
      10185, 11/14/2003 0:00,  3952.83, Shipped   ,      4,       11,    2003,              11,              49,     80.67, S18_3259   , Mini Creations Ltd.
      10196, 11/26/2003 0:00,  3564.75, Shipped   ,      4,       11,    2003,               3,              35,    100.0 , S18_3259   , Super Scale Inc.
      10221, 2/18/2004 0:00 ,  1855.41, Shipped   ,      1,        2,    2004,               5,              23,     80.67, S18_3259   , Petit Auto
      10232, 3/20/2004 0:00 ,  4598.4 , Shipped   ,      1,        3,    2004,               8,              48,     95.8 , S18_3259   , giftsbymail.co.uk
      10248, 5/7/2004 0:00  ,  5082.42, Cancelled ,      2,        5,    2004,              14,              42,    100.0 , S18_3259   , Land of Toys Inc.
      10273, 7/21/2004 0:00 ,  5450.59, Shipped   ,      3,        7,    2004,              15,              47,    100.0 , S18_3259   , Petit Auto
      10282, 8/20/2004 0:00 ,  4174.92, Shipped   ,      3,        8,    2004,               3,              36,    100.0 , S18_3259   , Mini Gifts Distributors Ltd.
      10293, 9/9/2004 0:00  ,  2418.24, Shipped   ,      3,        9,    2004,               6,              22,    100.0 , S18_3259   , Amica Models & Co.
      10314, 10/22/2004 0:00,  2481.7 , Shipped   ,      4,       10,    2004,               3,              23,    100.0 , S18_3259   , Heintze Collectables
      10396, 3/23/2005 0:00 ,  2154.0 , Shipped   ,      1,        3,    2005,               4,              24,     89.75, S18_3259   , Mini Gifts Distributors Ltd.
      10414, 5/6/2005 0:00  ,  5808.48, On Hold   ,      2,        5,    2005,              14,              48,    100.0 , S18_3259   , Gifts4AllAges.com
      10108, 3/3/2003 0:00  ,  1777.1 , Shipped   ,      1,        3,    2003,               9,              26,     68.35, S18_3278   , Cruz & Sons Co.
      10135, 7/2/2003 0:00  ,  3510.0 , Shipped   ,      3,        7,    2003,              10,              45,     78.0 , S18_3278   , Mini Gifts Distributors Ltd.
      10147, 9/5/2003 0:00  ,  3097.44, Shipped   ,      3,        9,    2003,              10,              36,     86.04, S18_3278   , Collectables For Less Inc.
      10159, 10/10/2003 0:00,  1705.41, Shipped   ,      4,       10,    2003,               5,              21,     81.21, S18_3278   , Corporate Gift Ideas Co.
      10238, 4/9/2004 0:00  ,  2999.97, Shipped   ,      2,        4,    2004,               6,              41,     73.17, S18_3278   , Danish Wholesale Imports
      10276, 8/2/2004 0:00  ,  2658.48, Shipped   ,      3,        8,    2004,               6,              38,     69.96, S18_3278   , Online Mini Collectables
      10319, 11/3/2004 0:00 ,  3403.08, Shipped   ,      4,       11,    2004,               1,              46,     73.98, S18_3278   , Microscale Inc.
      10329, 11/15/2004 0:00,  2245.8 , Shipped   ,      4,       11,    2004,              10,              38,     59.1 , S18_3278   , Land of Toys Inc.
      10390, 3/4/2005 0:00  ,  5491.6 , Shipped   ,      1,        3,    2005,               9,              40,    100.0 , S18_3278   , Mini Gifts Distributors Ltd.
      10103, 1/29/2003 0:00 ,  4791.82, Shipped   ,      1,        1,    2003,              16,              46,    100.0 , S18_3320   , Baane Mini Imports
      10111, 3/25/2003 0:00 ,  4178.85, Shipped   ,      1,        3,    2003,               4,              39,    100.0 , S18_3320   , Mini Wheels Co.
      10149, 9/12/2003 0:00 ,  3958.5 , Shipped   ,      3,        9,    2003,               2,              42,     94.25, S18_3320   , Signal Collectibles Ltd.
      10163, 10/20/2003 0:00,  4991.44, Shipped   ,      4,       10,    2003,               6,              43,    100.0 , S18_3320   , Classic Legends Inc.
      10173, 11/5/2003 0:00 ,  2761.96, Shipped   ,      4,       11,    2003,               4,              29,     95.24, S18_3320   , Rovelli Gifts
      10182, 11/12/2003 0:00,  2848.23, Shipped   ,      4,       11,    2003,               1,              33,     86.31, S18_3320   , Mini Gifts Distributors Ltd.
      10206, 12/5/2003 0:00 ,  2444.4 , Shipped   ,      4,       12,    2003,              11,              28,     87.3 , S18_3320   , Canadian Gift Exchange Network
      10215, 1/29/2004 0:00 ,  4555.92, Shipped   ,      1,        1,    2004,               8,              41,    100.0 , S18_3320   , West Coast Collectables Co.
      10257, 6/14/2004 0:00 ,  2321.54, Shipped   ,      2,        6,    2004,               5,              26,     89.29, S18_3320   , The Sharp Gifts Warehouse
      10280, 8/17/2004 0:00 ,  3474.46, Shipped   ,      3,        8,    2004,               7,              34,    100.0 , S18_3320   , Amica Models & Co.
      10290, 9/7/2004 0:00  ,  2501.98, Shipped   ,      3,        9,    2004,               2,              26,     96.23, S18_3320   , Auto-Moto Classics Inc.
      10312, 10/21/2004 0:00,  3535.95, Shipped   ,      4,       10,    2004,               8,              33,    100.0 , S18_3320   , Mini Gifts Distributors Ltd.
      10333, 11/18/2004 0:00, 11336.7 , Shipped   ,      4,       11,    2004,               2,              46,    100.0 , S18_3320   , Mini Wheels Co.
      10357, 12/10/2004 0:00,  2604.25, Shipped   ,      4,       12,    2004,               3,              25,    100.0 , S18_3320   , Mini Gifts Distributors Ltd.
      10369, 1/20/2005 0:00 ,  3288.6 , Shipped   ,      1,        1,    2005,               4,              45,     73.08, S18_3320   , Collectables For Less Inc.
      10382, 2/17/2005 0:00 ,  8935.5 , Shipped   ,      1,        2,    2005,               7,              50,    100.0 , S18_3320   , Mini Gifts Distributors Ltd.
      10392, 3/10/2005 0:00 ,  4035.96, Shipped   ,      1,        3,    2005,               1,              36,    100.0 , S18_3320   , Mini Auto Werke
      10423, 5/30/2005 0:00 ,  1875.09, In Process,      2,        5,    2005,               5,              21,     89.29, S18_3320   , Petit Auto
      10108, 3/3/2003 0:00  ,  4049.56, Shipped   ,      1,        3,    2003,               8,              29,    100.0 , S18_3482   , Cruz & Sons Co.
      10135, 7/2/2003 0:00  ,  5432.7 , Shipped   ,      3,        7,    2003,               9,              42,    100.0 , S18_3482   , Mini Gifts Distributors Ltd.
      10147, 9/5/2003 0:00  ,  4405.22, Shipped   ,      3,        9,    2003,               9,              37,    100.0 , S18_3482   , Collectables For Less Inc.
      10159, 10/10/2003 0:00,  3638.0 , Shipped   ,      4,       10,    2003,               4,              25,    100.0 , S18_3482   , Corporate Gift Ideas Co.
      10238, 4/9/2004 0:00  ,  6554.24, Shipped   ,      2,        4,    2004,               5,              49,    100.0 , S18_3482   , Danish Wholesale Imports
      10276, 8/2/2004 0:00  ,  3924.6 , Shipped   ,      3,        8,    2004,               5,              30,    100.0 , S18_3482   , Online Mini Collectables
      10330, 11/16/2004 0:00,  4405.22, Shipped   ,      4,       11,    2004,               3,              37,    100.0 , S18_3482   , Cruz & Sons Co.
      10390, 3/4/2005 0:00  ,  7397.0 , Shipped   ,      1,        3,    2005,               1,              50,    100.0 , S18_3482   , Mini Gifts Distributors Ltd.
      10109, 3/10/2003 0:00 ,  6241.6 , Shipped   ,      1,        3,    2003,               2,              47,    100.0 , S18_3685   , Motor Mint Distributors Inc.
      10137, 7/10/2003 0:00 ,  5124.3 , Shipped   ,      3,        7,    2003,               4,              31,    100.0 , S18_3685   , Reims Collectables
      10161, 10/17/2003 0:00,  5544.0 , Shipped   ,      4,       10,    2003,              10,              36,    100.0 , S18_3685   , Heintze Collectables
      10172, 11/5/2003 0:00 ,  5493.12, Shipped   ,      4,       11,    2003,               8,              48,    100.0 , S18_3685   , Gift Depot Inc.
      10192, 11/20/2003 0:00,  5340.6 , Shipped   ,      4,       11,    2003,               9,              45,    100.0 , S18_3685   , Online Diecast Creations Co.
      10204, 12/2/2003 0:00 ,  5735.8 , Shipped   ,      4,       12,    2003,              15,              35,    100.0 , S18_3685   , Muscle Machine Inc
      10226, 2/26/2004 0:00 ,  7343.9 , Shipped   ,      1,        2,    2004,               6,              46,    100.0 , S18_3685   , Collectable Mini Designs Co.
      10266, 7/6/2004 0:00  ,  5035.14, Shipped   ,      3,        7,    2004,               4,              33,    100.0 , S18_3685   , L'ordine Souveniers
      10278, 8/6/2004 0:00  ,  4116.8 , Shipped   ,      3,        8,    2004,               4,              31,    100.0 , S18_3685   , Signal Gift Stores
      10321, 11/4/2004 0:00 ,  4232.76, Shipped   ,      4,       11,    2004,               8,              28,    100.0 , S18_3685   , FunGiftIdeas.com
      10331, 11/17/2004 0:00,  1765.66, Shipped   ,      4,       11,    2004,              12,              26,     67.91, S18_3685   , Motor Mint Distributors Inc.
      10343, 11/24/2004 0:00,  3734.72, Shipped   ,      4,       11,    2004,               2,              44,     84.88, S18_3685   , Reims Collectables
      10367, 1/12/2005 0:00 ,  4808.38, Resolved  ,      1,        1,    2005,               6,              46,    100.0 , S18_3685   , Toys4GrownUps.com
      10406, 4/15/2005 0:00 , 10468.9 , Disputed  ,      2,        4,    2005,               1,              65,    100.0 , S18_3685   , Danish Wholesale Imports
      10419, 5/17/2005 0:00 ,  5589.14, Shipped   ,      2,        5,    2005,               3,              43,    100.0 , S18_3685   , Salzburg Collectables
      10108, 3/3/2003 0:00  ,  2914.11, Shipped   ,      1,        3,    2003,              12,              43,     67.77, S18_3782   , Cruz & Sons Co.
      10135, 7/2/2003 0:00  ,  2266.2 , Shipped   ,      3,        7,    2003,              13,              45,     50.36, S18_3782   , Mini Gifts Distributors Ltd.
      10146, 9/3/2003 0:00  ,  3155.58, Shipped   ,      3,        9,    2003,               2,              47,     67.14, S18_3782   , Gift Ideas Corp.
      10159, 10/10/2003 0:00,  1357.86, Shipped   ,      4,       10,    2003,               8,              21,     64.66, S18_3782   , Corporate Gift Ideas Co.
      10237, 4/5/2004 0:00  ,  1357.72, Shipped   ,      2,        4,    2004,               1,              26,     52.22, S18_3782   , Vitachrome Inc.
      10264, 6/30/2004 0:00 ,  2626.08, Shipped   ,      2,        6,    2004,               3,              48,     54.71, S18_3782   , Gifts4AllAges.com
      10276, 8/2/2004 0:00  ,  1661.88, Shipped   ,      3,        8,    2004,               9,              33,     50.36, S18_3782   , Online Mini Collectables
      10319, 11/3/2004 0:00 ,  2598.64, Shipped   ,      4,       11,    2004,               4,              44,     59.06, S18_3782   , Microscale Inc.
      10330, 11/16/2004 0:00,  2019.27, Shipped   ,      4,       11,    2004,               2,              29,     69.63, S18_3782   , Cruz & Sons Co.
      10390, 3/4/2005 0:00  ,  5079.96, Shipped   ,      1,        3,    2005,               2,              36,    100.0 , S18_3782   , Mini Gifts Distributors Ltd.
      10106, 2/17/2003 0:00 ,  4774.86, Shipped   ,      1,        2,    2003,              17,              41,    100.0 , S18_3856   , Rovelli Gifts
      10119, 4/28/2003 0:00 ,  2687.04, Shipped   ,      2,        4,    2003,               8,              27,     99.52, S18_3856   , Salzburg Collectables
      10130, 6/16/2003 0:00 ,  3423.75, Shipped   ,      2,        6,    2003,               1,              33,    100.0 , S18_3856   , Auto-Moto Classics Inc.
      10143, 8/10/2003 0:00 ,  3455.76, Shipped   ,      3,        8,    2003,              12,              34,    100.0 , S18_3856   , Mini Creations Ltd.
      10167, 10/23/2003 0:00,  3599.58, Cancelled ,      4,       10,    2003,               6,              34,    100.0 , S18_3856   , Scandinavian Gift Ideas
      10178, 11/8/2003 0:00 ,  5386.56, Shipped   ,      4,       11,    2003,               9,              48,    100.0 , S18_3856   , Alpha Cognac
      10222, 2/19/2004 0:00 ,  3858.75, Shipped   ,      1,        2,    2004,               9,              45,     85.75, S18_3856   , Collectable Mini Designs Co.
      10249, 5/8/2004 0:00  ,  5600.5 , Shipped   ,      2,        5,    2004,               5,              46,    100.0 , S18_3856   , Cambridge Collectables Co.
      10273, 7/21/2004 0:00 ,  4287.5 , Shipped   ,      3,        7,    2004,               1,              50,     85.75, S18_3856   , Petit Auto
      10316, 11/1/2004 0:00 ,  4080.07, Shipped   ,      4,       11,    2004,              14,              47,     86.81, S18_3856   , giftsbymail.co.uk
      10328, 11/12/2004 0:00,  3815.48, Shipped   ,      4,       11,    2004,               6,              34,    100.0 , S18_3856   , Rovelli Gifts
      10398, 3/30/2005 0:00 ,  4811.85, Shipped   ,      1,        3,    2005,              17,              45,    100.0 , S18_3856   , Reims Collectables
      10400, 4/1/2005 0:00  ,  7307.42, Shipped   ,      2,        4,    2005,               6,              58,    100.0 , S18_3856   , The Sharp Gifts Warehouse
      10127, 6/3/2003 0:00  ,  3447.0 , Shipped   ,      2,        6,    2003,               5,              25,    100.0 , S18_4027   , Muscle Machine Inc
      10142, 8/8/2003 0:00  ,  3791.52, Shipped   ,      3,        8,    2003,              15,              24,    100.0 , S18_4027   , Mini Gifts Distributors Ltd.
      10176, 11/6/2003 0:00 ,  5532.12, Shipped   ,      4,       11,    2003,               5,              36,    100.0 , S18_4027   , L'ordine Souveniers
      10185, 11/14/2003 0:00,  5096.91, Shipped   ,      4,       11,    2003,              16,              39,    100.0 , S18_4027   , Mini Creations Ltd.
      10196, 11/26/2003 0:00,  4537.08, Shipped   ,      4,       11,    2003,               8,              27,    100.0 , S18_4027   , Super Scale Inc.
      10207, 12/9/2003 0:00 ,  6146.8 , Shipped   ,      4,       12,    2003,               1,              40,    100.0 , S18_4027   , Diecast Collectables
      10272, 7/20/2004 0:00 ,  3734.0 , Shipped   ,      3,        7,    2004,               5,              25,    100.0 , S18_4027   , Diecast Classics Inc.
      10282, 8/20/2004 0:00 ,  4674.8 , Shipped   ,      3,        8,    2004,               8,              31,    100.0 , S18_4027   , Mini Gifts Distributors Ltd.
      10292, 9/8/2004 0:00  ,  7140.76, Shipped   ,      3,        9,    2004,               2,              44,    100.0 , S18_4027   , Land of Toys Inc.
      10314, 10/22/2004 0:00,  4206.74, Shipped   ,      4,       10,    2004,               8,              29,    100.0 , S18_4027   , Heintze Collectables
      10324, 11/5/2004 0:00 ,  5379.71, Shipped   ,      4,       11,    2004,              13,              49,    100.0 , S18_4027   , Vitachrome Inc.
      10337, 11/21/2004 0:00,  5679.36, Shipped   ,      4,       11,    2004,               3,              36,    100.0 , S18_4027   , Classic Legends Inc.
      10349, 12/1/2004 0:00 ,  4394.84, Shipped   ,      4,       12,    2004,               5,              34,    100.0 , S18_4027   , Muscle Machine Inc
      10413, 5/5/2005 0:00  ,  6896.75, Shipped   ,      2,        5,    2005,               5,              49,    100.0 , S18_4027   , Gift Depot Inc.
      10100, 1/6/2003 0:00  ,  1903.22, Shipped   ,      1,        1,    2003,               4,              22,     86.51, S18_4409   , Online Diecast Creations Co.
      10124, 5/21/2003 0:00 ,  3081.24, Shipped   ,      2,        5,    2003,               7,              36,     85.59, S18_4409   , Signal Gift Stores
      10162, 10/18/2003 0:00,  3912.09, Shipped   ,      4,       10,    2003,              10,              39,    100.0 , S18_4409   , Corporate Gift Ideas Co.
      10173, 11/5/2003 0:00 ,  1584.66, Shipped   ,      4,       11,    2003,              14,              21,     75.46, S18_4409   , Rovelli Gifts
      10182, 11/12/2003 0:00,  3942.72, Shipped   ,      4,       11,    2003,              11,              36,    100.0 , S18_4409   , Mini Gifts Distributors Ltd.
      10204, 12/2/2003 0:00 ,  2482.11, Shipped   ,      4,       12,    2003,               5,              29,     85.59, S18_4409   , Muscle Machine Inc
      10280, 8/17/2004 0:00 ,  3704.05, Shipped   ,      3,        8,    2004,              17,              35,    100.0 , S18_4409   , Amica Models & Co.
      10288, 9/1/2004 0:00  ,  2834.65, Shipped   ,      3,        9,    2004,               6,              35,     80.99, S18_4409   , Handji Gifts& Co
      10367, 1/12/2005 0:00 ,  2696.96, Resolved  ,      1,        1,    2005,               8,              43,     62.72, S18_4409   , Toys4GrownUps.com
      10407, 4/22/2005 0:00 ,   541.14, On Hold   ,      2,        4,    2005,               3,               6,     90.19, S18_4409   , The Sharp Gifts Warehouse
      10105, 2/11/2003 0:00 ,  3382.5 , Shipped   ,      1,        2,    2003,              10,              41,     82.5 , S18_4522   , Danish Wholesale Imports
      10142, 8/8/2003 0:00  ,  1685.28, Shipped   ,      3,        8,    2003,               7,              24,     70.22, S18_4522   , Mini Gifts Distributors Ltd.
      10166, 10/21/2003 0:00,  1916.98, Shipped   ,      4,       10,    2003,               1,              26,     73.73, S18_4522   , FunGiftIdeas.com
      10185, 11/14/2003 0:00,  3630.28, Shipped   ,      4,       11,    2003,               8,              47,     77.24, S18_4522   , Mini Creations Ltd.
      10221, 2/18/2004 0:00 ,  3491.67, Shipped   ,      1,        2,    2004,               2,              39,     89.53, S18_4522   , Petit Auto
      10232, 3/20/2004 0:00 ,  2059.19, Shipped   ,      1,        3,    2004,               5,              23,     89.53, S18_4522   , giftsbymail.co.uk
      10248, 5/7/2004 0:00  ,  3170.16, Cancelled ,      2,        5,    2004,              11,              42,     75.48, S18_4522   , Land of Toys Inc.
      10261, 6/17/2004 0:00 ,  1790.6 , Shipped   ,      2,        6,    2004,               9,              20,     89.53, S18_4522   , Quebec Home Shopping Network
      10273, 7/21/2004 0:00 ,  2345.97, Shipped   ,      3,        7,    2004,              12,              33,     71.09, S18_4522   , Petit Auto
      10293, 9/9/2004 0:00  ,  4946.06, Shipped   ,      3,        9,    2004,               3,              49,    100.0 , S18_4522   , Amica Models & Co.
      10337, 11/21/2004 0:00,  4498.19, Shipped   ,      4,       11,    2004,               2,              29,    100.0 , S18_4522   , Classic Legends Inc.
      10396, 3/23/2005 0:00 ,  4739.4 , Shipped   ,      1,        3,    2005,               5,              45,    100.0 , S18_4522   , Mini Gifts Distributors Ltd.
      10414, 5/6/2005 0:00  ,  1207.68, On Hold   ,      2,        5,    2005,              11,              16,     75.48, S18_4522   , Gifts4AllAges.com
      10103, 1/29/2003 0:00 ,  4228.2 , Shipped   ,      1,        1,    2003,               5,              36,    100.0 , S18_4600   , Baane Mini Imports
      10140, 7/24/2003 0:00 ,  4601.2 , Shipped   ,      3,        7,    2003,               5,              40,    100.0 , S18_4600   , Technics Stores Inc.
      10164, 10/21/2003 0:00,  5012.55, Resolved  ,      4,       10,    2003,               3,              45,    100.0 , S18_4600   , Mini Auto Werke
      10207, 12/9/2003 0:00 ,  6658.02, Shipped   ,      4,       12,    2003,              16,              47,    100.0 , S18_4600   , Diecast Collectables
      10217, 2/4/2004 0:00  ,  4509.08, Shipped   ,      1,        2,    2004,               5,              38,    100.0 , S18_4600   , Handji Gifts& Co
      10229, 3/11/2004 0:00 ,  4716.23, Shipped   ,      1,        3,    2004,              10,              41,    100.0 , S18_4600   , Mini Gifts Distributors Ltd.
      10245, 5/4/2004 0:00  ,  2390.22, Shipped   ,      2,        5,    2004,               3,              21,    100.0 , S18_4600   , Super Scale Inc.
      10259, 6/15/2004 0:00 ,  4666.62, Shipped   ,      2,        6,    2004,              13,              41,    100.0 , S18_4600   , Handji Gifts& Co
      10281, 8/19/2004 0:00 ,  2482.25, Shipped   ,      3,        8,    2004,              10,              25,     99.29, S18_4600   , Diecast Classics Inc.
      10291, 9/8/2004 0:00  ,  5288.64, Shipped   ,      3,        9,    2004,               5,              48,    100.0 , S18_4600   , Scandinavian Gift Ideas
      10305, 10/13/2004 0:00,  2184.38, Shipped   ,      4,       10,    2004,              14,              22,     99.29, S18_4600   , Marta's Replicas Co.
      10313, 10/22/2004 0:00,  2881.76, Shipped   ,      4,       10,    2004,               8,              28,    100.0 , S18_4600   , Canadian Gift Exchange Network
      10357, 12/10/2004 0:00,  3559.64, Shipped   ,      4,       12,    2004,               2,              28,    100.0 , S18_4600   , Mini Gifts Distributors Ltd.
      10382, 2/17/2005 0:00 ,  4890.6 , Shipped   ,      1,        2,    2005,               1,              39,    100.0 , S18_4600   , Mini Gifts Distributors Ltd.
      10411, 5/1/2005 0:00  ,  5235.72, Shipped   ,      2,        5,    2005,               3,              46,    100.0 , S18_4600   , Quebec Home Shopping Network
      10103, 1/29/2003 0:00 ,  1938.89, Shipped   ,      1,        1,    2003,               9,              41,     47.29, S18_4668   , Baane Mini Imports
      10113, 3/26/2003 0:00 ,  2490.5 , Shipped   ,      1,        3,    2003,               3,              50,     49.81, S18_4668   , Mini Gifts Distributors Ltd.
      10140, 7/24/2003 0:00 ,  1254.83, Shipped   ,      3,        7,    2003,               9,              29,     43.27, S18_4668   , Technics Stores Inc.
      10164, 10/21/2003 0:00,  1345.75, Resolved  ,      4,       10,    2003,               7,              25,     53.83, S18_4668   , Mini Auto Werke
      10206, 12/5/2003 0:00 ,  1119.93, Shipped   ,      4,       12,    2003,               4,              21,     53.33, S18_4668   , Canadian Gift Exchange Network
      10215, 1/29/2004 0:00 ,  2082.88, Shipped   ,      1,        1,    2004,               1,              46,     45.28, S18_4668   , West Coast Collectables Co.
      10229, 3/11/2004 0:00 ,  1569.75, Shipped   ,      1,        3,    2004,              14,              39,     40.25, S18_4668   , Mini Gifts Distributors Ltd.
      10245, 5/4/2004 0:00  ,  2694.15, Shipped   ,      2,        5,    2004,               7,              45,     59.87, S18_4668   , Super Scale Inc.
      10281, 8/19/2004 0:00 ,  2634.28, Shipped   ,      3,        8,    2004,              14,              44,     59.87, S18_4668   , Diecast Classics Inc.
      10291, 9/8/2004 0:00  ,  1502.78, Shipped   ,      3,        9,    2004,               9,              29,     51.82, S18_4668   , Scandinavian Gift Ideas
      10312, 10/21/2004 0:00,  2217.15, Shipped   ,      4,       10,    2004,               1,              39,     56.85, S18_4668   , Mini Gifts Distributors Ltd.
      10324, 11/5/2004 0:00 ,  6832.02, Shipped   ,      4,       11,    2004,               6,              38,    100.0 , S18_4668   , Vitachrome Inc.
      10333, 11/18/2004 0:00,  1916.64, Shipped   ,      4,       11,    2004,               8,              24,     79.86, S18_4668   , Mini Wheels Co.
      10382, 2/17/2005 0:00 ,  7827.3 , Shipped   ,      1,        2,    2005,               2,              39,    100.0 , S18_4668   , Mini Gifts Distributors Ltd.
      10411, 5/1/2005 0:00  ,  2095.45, Shipped   ,      2,        5,    2005,               7,              35,     59.87, S18_4668   , Quebec Home Shopping Network
      10108, 3/3/2003 0:00  ,  5565.12, Shipped   ,      1,        3,    2003,              11,              44,    100.0 , S18_4721   , Cruz & Sons Co.
      10135, 7/2/2003 0:00  ,  4705.18, Shipped   ,      3,        7,    2003,              12,              31,    100.0 , S18_4721   , Mini Gifts Distributors Ltd.
      10146, 9/3/2003 0:00  ,  4444.54, Shipped   ,      3,        9,    2003,               1,              29,    100.0 , S18_4721   , Gift Ideas Corp.
      10159, 10/10/2003 0:00,  4618.88, Shipped   ,      4,       10,    2003,               7,              32,    100.0 , S18_4721   , Corporate Gift Ideas Co.
      10238, 4/9/2004 0:00  ,  6350.96, Shipped   ,      2,        4,    2004,               8,              44,    100.0 , S18_4721   , Danish Wholesale Imports
      10264, 6/30/2004 0:00 ,  2410.6 , Shipped   ,      2,        6,    2004,               2,              20,    100.0 , S18_4721   , Gifts4AllAges.com
      10276, 8/2/2004 0:00  ,  5713.92, Shipped   ,      3,        8,    2004,               8,              48,    100.0 , S18_4721   , Online Mini Collectables
      10319, 11/3/2004 0:00 ,  7901.1 , Shipped   ,      4,       11,    2004,               3,              45,    100.0 , S18_4721   , Microscale Inc.
      10330, 11/16/2004 0:00,  6101.0 , Shipped   ,      4,       11,    2004,               4,              50,    100.0 , S18_4721   , Cruz & Sons Co.
      10390, 3/4/2005 0:00  ,  6862.94, Shipped   ,      1,        3,    2005,               3,              49,    100.0 , S18_4721   , Mini Gifts Distributors Ltd.
      10124, 5/21/2003 0:00 ,  1327.79, Shipped   ,      2,        5,    2003,               8,              23,     57.73, S18_4933   , Signal Gift Stores
      10161, 10/17/2003 0:00,  2013.5 , Shipped   ,      4,       10,    2003,               1,              25,     80.54, S18_4933   , Heintze Collectables
      10173, 11/5/2003 0:00 ,  2807.22, Shipped   ,      4,       11,    2003,              15,              39,     71.98, S18_4933   , Rovelli Gifts
      10182, 11/12/2003 0:00,  3072.96, Shipped   ,      4,       11,    2003,              12,              44,     69.84, S18_4933   , Mini Gifts Distributors Ltd.
      10204, 12/2/2003 0:00 ,  3431.7 , Shipped   ,      4,       12,    2003,               6,              45,     76.26, S18_4933   , Muscle Machine Inc
      10267, 7/7/2004 0:00  ,  2719.8 , Shipped   ,      3,        7,    2004,               1,              36,     75.55, S18_4933   , Muscle Machine Inc
      10288, 9/1/2004 0:00  ,  1688.43, Shipped   ,      3,        9,    2004,               7,              23,     73.41, S18_4933   , Handji Gifts& Co
      10367, 1/12/2005 0:00 ,  3751.0 , Resolved  ,      1,        1,    2005,               9,              44,     85.25, S18_4933   , Toys4GrownUps.com
      10407, 4/22/2005 0:00 ,  4421.34, On Hold   ,      2,        4,    2005,               4,              66,     66.99, S18_4933   , The Sharp Gifts Warehouse
      10124, 5/21/2003 0:00 ,  1713.8 , Shipped   ,      2,        5,    2003,              12,              22,     77.9 , S24_1046   , Signal Gift Stores
      10161, 10/17/2003 0:00,  2692.12, Shipped   ,      4,       10,    2003,               5,              37,     72.76, S24_1046   , Heintze Collectables
      10172, 11/5/2003 0:00 ,  2422.08, Shipped   ,      4,       11,    2003,               3,              32,     75.69, S24_1046   , Gift Depot Inc.
      10182, 11/12/2003 0:00,  3488.34, Shipped   ,      4,       11,    2003,              16,              47,     74.22, S24_1046   , Mini Gifts Distributors Ltd.
      10192, 11/20/2003 0:00,  2583.34, Shipped   ,      4,       11,    2003,               4,              37,     69.82, S24_1046   , Online Diecast Creations Co.
      10204, 12/2/2003 0:00 ,  1249.4 , Shipped   ,      4,       12,    2003,              10,              20,     62.47, S24_1046   , Muscle Machine Inc
      10226, 2/26/2004 0:00 ,  1265.46, Shipped   ,      1,        2,    2004,               1,              21,     60.26, S24_1046   , Collectable Mini Designs Co.
      10267, 7/7/2004 0:00  ,  3204.0 , Shipped   ,      3,        7,    2004,               5,              40,     80.1 , S24_1046   , Muscle Machine Inc
      10288, 9/1/2004 0:00  ,  2381.04, Shipped   ,      3,        9,    2004,              11,              36,     66.14, S24_1046   , Handji Gifts& Co
      10321, 11/4/2004 0:00 ,  2116.5 , Shipped   ,      4,       11,    2004,               3,              30,     70.55, S24_1046   , FunGiftIdeas.com
      10367, 1/12/2005 0:00 ,  1267.77, Resolved  ,      1,        1,    2005,              10,              21,     60.37, S24_1046   , Toys4GrownUps.com
      10407, 4/22/2005 0:00 ,  1987.18, On Hold   ,      2,        4,    2005,               8,              26,     76.43, S24_1046   , The Sharp Gifts Warehouse
      10115, 4/4/2003 0:00  ,  3259.92, Shipped   ,      2,        4,    2003,               2,              47,     69.36, S24_1444   , Classic Legends Inc.
      10127, 6/3/2003 0:00  ,  1213.8 , Shipped   ,      2,        6,    2003,               8,              20,     60.69, S24_1444   , Muscle Machine Inc
      10176, 11/6/2003 0:00 ,  1857.06, Shipped   ,      4,       11,    2003,               8,              27,     68.78, S24_1444   , L'ordine Souveniers
      10195, 11/25/2003 0:00,  2924.68, Shipped   ,      4,       11,    2003,               3,              44,     66.47, S24_1444   , Mini Classics
      10207, 12/9/2003 0:00 ,  2294.18, Shipped   ,      4,       12,    2003,               4,              49,     46.82, S24_1444   , Diecast Collectables
      10259, 6/15/2004 0:00 ,  1310.96, Shipped   ,      2,        6,    2004,               1,              28,     46.82, S24_1444   , Handji Gifts& Co
      10271, 7/20/2004 0:00 ,  2913.3 , Shipped   ,      3,        7,    2004,               2,              45,     64.74, S24_1444   , Mini Gifts Distributors Ltd.
      10282, 8/20/2004 0:00 ,  1357.78, Shipped   ,      3,        8,    2004,              11,              29,     46.82, S24_1444   , Mini Gifts Distributors Ltd.
      10292, 9/8/2004 0:00  ,  2150.0 , Shipped   ,      3,        9,    2004,               5,              40,     53.75, S24_1444   , Land of Toys Inc.
      10305, 10/13/2004 0:00,  2783.25, Shipped   ,      4,       10,    2004,               2,              45,     61.85, S24_1444   , Marta's Replicas Co.
      10314, 10/22/2004 0:00,  2339.92, Shipped   ,      4,       10,    2004,              11,              44,     53.18, S24_1444   , Heintze Collectables
      10324, 11/5/2004 0:00 ,  1729.0 , Shipped   ,      4,       11,    2004,              14,              25,     69.16, S24_1444   , Vitachrome Inc.
      10349, 12/1/2004 0:00 ,  2275.2 , Shipped   ,      4,       12,    2004,               4,              48,     47.4 , S24_1444   , Muscle Machine Inc
      10371, 1/23/2005 0:00 ,  2431.75, Shipped   ,      1,        1,    2005,              12,              25,     97.27, S24_1444   , Mini Gifts Distributors Ltd.
      10107, 2/24/2003 0:00 ,  2845.75, Shipped   ,      1,        2,    2003,               3,              25,    100.0 , S24_1578   , Land of Toys Inc.
      10134, 7/1/2003 0:00  ,  3273.9 , Shipped   ,      3,        7,    2003,               3,              35,     93.54, S24_1578   , Lyon Souveniers
      10145, 8/25/2003 0:00 ,  4119.4 , Shipped   ,      3,        8,    2003,               7,              43,     95.8 , S24_1578   , Toys4GrownUps.com
      10159, 10/10/2003 0:00,  5355.68, Shipped   ,      4,       10,    2003,              15,              44,    100.0 , S24_1578   , Corporate Gift Ideas Co.
      10168, 10/28/2003 0:00,  5747.5 , Shipped   ,      4,       10,    2003,               2,              50,    100.0 , S24_1578   , Technics Stores Inc.
      10201, 12/1/2003 0:00 ,  4351.23, Shipped   ,      4,       12,    2003,               3,              39,    100.0 , S24_1578   , Mini Wheels Co.
      10237, 4/5/2004 0:00  ,  2299.0 , Shipped   ,      2,        4,    2004,               8,              20,    100.0 , S24_1578   , Vitachrome Inc.
      10251, 5/18/2004 0:00 ,  2637.18, Shipped   ,      2,        5,    2004,               3,              26,    100.0 , S24_1578   , Tekni Collectables Inc.
      10263, 6/28/2004 0:00 ,  4307.52, Shipped   ,      2,        6,    2004,               3,              42,    100.0 , S24_1578   , Gift Depot Inc.
      10285, 8/27/2004 0:00 ,  3716.88, Shipped   ,      3,        8,    2004,               7,              34,    100.0 , S24_1578   , Marta's Replicas Co.
      10309, 10/15/2004 0:00,  2650.62, Shipped   ,      4,       10,    2004,               6,              21,    100.0 , S24_1578   , Baane Mini Imports
      10318, 11/2/2004 0:00 ,  6437.28, Shipped   ,      4,       11,    2004,               2,              48,    100.0 , S24_1578   , Diecast Classics Inc.
      10329, 11/15/2004 0:00,  2633.4 , Shipped   ,      4,       11,    2004,               7,              30,     87.78, S24_1578   , Land of Toys Inc.
      10362, 1/5/2005 0:00  ,  4846.0 , Shipped   ,      1,        1,    2005,               2,              50,     96.92, S24_1578   , Technics Stores Inc.
      10389, 3/3/2005 0:00  ,  4597.65, Shipped   ,      1,        3,    2005,               1,              45,    100.0 , S24_1578   , Scandinavian Gift Ideas
      10137, 7/10/2003 0:00 ,  1295.06, Shipped   ,      3,        7,    2003,               1,              26,     49.81, S24_1628   , Reims Collectables
      10161, 10/17/2003 0:00,  1226.59, Shipped   ,      4,       10,    2003,               7,              23,     53.33, S24_1628   , Heintze Collectables
      10172, 11/5/2003 0:00 ,  1453.84, Shipped   ,      4,       11,    2003,               5,              34,     42.76, S24_1628   , Gift Depot Inc.
      10192, 11/20/2003 0:00,  2530.01, Shipped   ,      4,       11,    2003,               6,              47,     53.83, S24_1628   , Online Diecast Creations Co.
      10204, 12/2/2003 0:00 ,  2241.45, Shipped   ,      4,       12,    2003,              12,              45,     49.81, S24_1628   , Muscle Machine Inc
      10226, 2/26/2004 0:00 ,  1557.72, Shipped   ,      1,        2,    2004,               3,              36,     43.27, S24_1628   , Collectable Mini Designs Co.
      10266, 7/6/2004 0:00  ,  1352.4 , Shipped   ,      3,        7,    2004,               1,              28,     48.3 , S24_1628   , L'ordine Souveniers
      10278, 8/6/2004 0:00  ,  1584.8 , Shipped   ,      3,        8,    2004,               1,              35,     45.28, S24_1628   , Signal Gift Stores
      10288, 9/1/2004 0:00  ,  2616.0 , Shipped   ,      3,        9,    2004,              13,              50,     52.32, S24_1628   , Handji Gifts& Co
      10321, 11/4/2004 0:00 ,  2028.48, Shipped   ,      4,       11,    2004,               5,              48,     42.26, S24_1628   , FunGiftIdeas.com
      10343, 11/24/2004 0:00,   977.67, Shipped   ,      4,       11,    2004,               6,              27,     36.21, S24_1628   , Reims Collectables
      10367, 1/12/2005 0:00 ,  1463.0 , Resolved  ,      1,        1,    2005,              11,              38,     38.5 , S24_1628   , Toys4GrownUps.com
      10407, 4/22/2005 0:00 ,  2576.0 , On Hold   ,      2,        4,    2005,              10,              64,     40.25, S24_1628   , The Sharp Gifts Warehouse
      10106, 2/17/2003 0:00 ,  2481.64, Shipped   ,      1,        2,    2003,               4,              28,     88.63, S24_1785   , Rovelli Gifts
      10145, 8/25/2003 0:00 ,  3501.6 , Shipped   ,      3,        8,    2003,              16,              40,     87.54, S24_1785   , Toys4GrownUps.com
      10168, 10/28/2003 0:00,  6433.7 , Shipped   ,      4,       10,    2003,              11,              49,    100.0 , S24_1785   , Technics Stores Inc.
      10250, 5/11/2004 0:00 ,  2747.53, Shipped   ,      2,        5,    2004,               6,              31,     88.63, S24_1785   , The Sharp Gifts Warehouse
      10308, 10/15/2004 0:00,  3493.7 , Shipped   ,      4,       10,    2004,               9,              31,    100.0 , S24_1785   , Mini Classics
      10316, 11/1/2004 0:00 ,  2872.25, Shipped   ,      4,       11,    2004,               1,              25,    100.0 , S24_1785   , giftsbymail.co.uk
      10328, 11/12/2004 0:00,  4114.38, Shipped   ,      4,       11,    2004,              14,              47,     87.54, S24_1785   , Rovelli Gifts
      10353, 12/4/2004 0:00 ,  2008.44, Shipped   ,      4,       12,    2004,               2,              28,     71.73, S24_1785   , Gift Ideas Corp.
      10398, 3/30/2005 0:00 ,  5552.16, Shipped   ,      1,        3,    2005,              16,              43,    100.0 , S24_1785   , Reims Collectables
      10401, 4/3/2005 0:00  ,  3659.02, On Hold   ,      2,        4,    2005,               5,              38,     96.29, S24_1785   , Tekni Collectables Inc.
      10416, 5/10/2005 0:00 ,  4165.61, Shipped   ,      2,        5,    2005,               6,              47,     88.63, S24_1785   , L'ordine Souveniers
      10124, 5/21/2003 0:00 ,  1702.8 , Shipped   ,      2,        5,    2003,               2,              45,     37.84, S24_1937   , Signal Gift Stores
      10149, 9/12/2003 0:00 ,  1194.84, Shipped   ,      3,        9,    2003,               7,              36,     33.19, S24_1937   , Signal Collectibles Ltd.
      10162, 10/18/2003 0:00,  1007.14, Shipped   ,      4,       10,    2003,               5,              37,     27.22, S24_1937   , Corporate Gift Ideas Co.
      10173, 11/5/2003 0:00 ,   977.43, Shipped   ,      4,       11,    2003,               9,              31,     31.53, S24_1937   , Rovelli Gifts
      10182, 11/12/2003 0:00,  1436.76, Shipped   ,      4,       11,    2003,               6,              39,     36.84, S24_1937   , Mini Gifts Distributors Ltd.
      10243, 4/26/2004 0:00 ,   974.82, Shipped   ,      2,        4,    2004,               1,              33,     29.54, S24_1937   , Diecast Collectables
      10280, 8/17/2004 0:00 ,   577.6 , Shipped   ,      3,        8,    2004,              12,              20,     28.88, S24_1937   , Amica Models & Co.
      10288, 9/1/2004 0:00  ,  1106.93, Shipped   ,      3,        9,    2004,               1,              29,     38.17, S24_1937   , Handji Gifts& Co
      10312, 10/21/2004 0:00,  1152.06, Shipped   ,      4,       10,    2004,              13,              39,     29.54, S24_1937   , Mini Gifts Distributors Ltd.
      10322, 11/4/2004 0:00 ,  2624.0 , Shipped   ,      4,       11,    2004,               3,              20,    100.0 , S24_1937   , Online Diecast Creations Co.
      10356, 12/9/2004 0:00 ,  9720.0 , Shipped   ,      4,       12,    2004,               5,              48,    100.0 , S24_1937   , Lyon Souveniers
      10367, 1/12/2005 0:00 ,   834.67, Resolved  ,      1,        1,    2005,              13,              23,     36.29, S24_1937   , Toys4GrownUps.com
      10409, 4/23/2005 0:00 ,  1801.94, Shipped   ,      2,        4,    2005,               1,              61,     29.54, S24_1937   , Handji Gifts& Co
      10107, 2/24/2003 0:00 ,  3155.14, Shipped   ,      1,        2,    2003,               7,              38,     83.03, S24_2000   , Land of Toys Inc.
      10134, 7/1/2003 0:00  ,  3570.29, Shipped   ,      3,        7,    2003,               7,              43,     83.03, S24_2000   , Lyon Souveniers
      10145, 8/25/2003 0:00 ,  3902.41, Shipped   ,      3,        8,    2003,              11,              47,     83.03, S24_2000   , Toys4GrownUps.com
      10158, 10/10/2003 0:00,  1474.66, Shipped   ,      4,       10,    2003,               1,              22,     67.03, S24_2000   , Baane Mini Imports
      10168, 10/28/2003 0:00,  2186.89, Shipped   ,      4,       10,    2003,               6,              29,     75.41, S24_2000   , Technics Stores Inc.
      10201, 12/1/2003 0:00 ,  1847.0 , Shipped   ,      4,       12,    2003,               7,              25,     73.88, S24_2000   , Mini Wheels Co.
      10236, 4/3/2004 0:00  ,  3153.6 , Shipped   ,      2,        4,    2004,               3,              36,     87.6 , S24_2000   , Motor Mint Distributors Inc.
      10250, 5/11/2004 0:00 ,  2803.2 , Shipped   ,      2,        5,    2004,               1,              32,     87.6 , S24_2000   , The Sharp Gifts Warehouse
      10263, 6/28/2004 0:00 ,  2311.02, Shipped   ,      2,        6,    2004,               7,              37,     62.46, S24_2000   , Gift Depot Inc.
      10285, 8/27/2004 0:00 ,  2733.12, Shipped   ,      3,        8,    2004,              11,              39,     70.08, S24_2000   , Marta's Replicas Co.
      10308, 10/15/2004 0:00,  2971.34, Shipped   ,      4,       10,    2004,               4,              47,     63.22, S24_2000   , Mini Classics
      10318, 11/2/2004 0:00 ,  2257.58, Shipped   ,      4,       11,    2004,               6,              26,     86.83, S24_2000   , Diecast Classics Inc.
      10329, 11/15/2004 0:00,  3493.91, Shipped   ,      4,       11,    2004,               4,              37,     94.43, S24_2000   , Land of Toys Inc.
      10389, 3/3/2005 0:00  ,  3988.6 , Shipped   ,      1,        3,    2005,               2,              49,     81.4 , S24_2000   , Scandinavian Gift Ideas
      10416, 5/10/2005 0:00 ,  2803.2 , Shipped   ,      2,        5,    2005,               1,              32,     87.6 , S24_2000   , L'ordine Souveniers
      10105, 2/11/2003 0:00 ,  6341.21, Shipped   ,      1,        2,    2003,               9,              43,    100.0 , S24_2011   , Danish Wholesale Imports
      10142, 8/8/2003 0:00  ,  3366.0 , Shipped   ,      3,        8,    2003,               6,              33,    100.0 , S24_2011   , Mini Gifts Distributors Ltd.
      10167, 10/23/2003 0:00,  3812.16, Cancelled ,      4,       10,    2003,              16,              33,    100.0 , S24_2011   , Scandinavian Gift Ideas
      10185, 11/14/2003 0:00,  3170.7 , Shipped   ,      4,       11,    2003,               7,              30,    100.0 , S24_2011   , Mini Creations Ltd.
      10221, 2/18/2004 0:00 ,  6804.63, Shipped   ,      1,        2,    2004,               1,              49,    100.0 , S24_2011   , Petit Auto
      10232, 3/20/2004 0:00 ,  5652.94, Shipped   ,      1,        3,    2004,               4,              46,    100.0 , S24_2011   , giftsbymail.co.uk
      10248, 5/7/2004 0:00  ,  6960.48, Cancelled ,      2,        5,    2004,              10,              48,    100.0 , S24_2011   , Land of Toys Inc.
      10261, 6/17/2004 0:00 ,  4512.6 , Shipped   ,      2,        6,    2004,               8,              36,    100.0 , S24_2011   , Quebec Home Shopping Network
      10273, 7/21/2004 0:00 ,  2784.76, Shipped   ,      3,        7,    2004,              11,              22,    100.0 , S24_2011   , Petit Auto
      10293, 9/9/2004 0:00  ,  2941.89, Shipped   ,      3,        9,    2004,               2,              21,    100.0 , S24_2011   , Amica Models & Co.
      10337, 11/21/2004 0:00,  2087.13, Shipped   ,      4,       11,    2004,               4,              29,     71.97, S24_2011   , Classic Legends Inc.
      10384, 2/23/2005 0:00 ,  2255.12, Shipped   ,      1,        2,    2005,               3,              28,     80.54, S24_2011   , Corporate Gift Ideas Co.
      10396, 3/23/2005 0:00 ,  5720.75, Shipped   ,      1,        3,    2005,               6,              49,    100.0 , S24_2011   , Mini Gifts Distributors Ltd.
      10414, 5/6/2005 0:00  ,  3335.23, On Hold   ,      2,        5,    2005,              10,              23,    100.0 , S24_2011   , Gifts4AllAges.com
      10124, 5/21/2003 0:00 ,   995.5 , Shipped   ,      2,        5,    2003,               1,              22,     45.25, S24_2022   , Signal Gift Stores
      10149, 9/12/2003 0:00 ,  2414.72, Shipped   ,      3,        9,    2003,               6,              49,     49.28, S24_2022   , Signal Collectibles Ltd.
      10162, 10/18/2003 0:00,  1560.47, Shipped   ,      4,       10,    2003,               4,              43,     36.29, S24_2022   , Corporate Gift Ideas Co.
      10173, 11/5/2003 0:00 ,  1112.94, Shipped   ,      4,       11,    2003,               8,              27,     41.22, S24_2022   , Rovelli Gifts
      10182, 11/12/2003 0:00,  1138.94, Shipped   ,      4,       11,    2003,               5,              31,     36.74, S24_2022   , Mini Gifts Distributors Ltd.
      10280, 8/17/2004 0:00 ,  2137.05, Shipped   ,      3,        8,    2004,              11,              45,     47.49, S24_2022   , Amica Models & Co.
      10312, 10/21/2004 0:00,   865.49, Shipped   ,      4,       10,    2004,              12,              23,     37.63, S24_2022   , Mini Gifts Distributors Ltd.
      10322, 11/4/2004 0:00 ,  3500.1 , Shipped   ,      4,       11,    2004,               4,              30,    100.0 , S24_2022   , Online Diecast Creations Co.
      10356, 12/9/2004 0:00 ,   828.36, Shipped   ,      4,       12,    2004,               7,              26,     31.86, S24_2022   , Lyon Souveniers
      10367, 1/12/2005 0:00 ,   856.52, Resolved  ,      1,        1,    2005,              12,              28,     30.59, S24_2022   , Toys4GrownUps.com
      10421, 5/29/2005 0:00 ,  1828.0 , In Process,      2,        5,    2005,               2,              40,     45.7 , S24_2022   , Mini Gifts Distributors Ltd.
      10103, 1/29/2003 0:00 ,  3680.28, Shipped   ,      1,        1,    2003,               1,              36,    100.0 , S24_2300   , Baane Mini Imports
      10140, 7/24/2003 0:00 ,  5105.14, Shipped   ,      3,        7,    2003,               1,              47,    100.0 , S24_2300   , Technics Stores Inc.
      10207, 12/9/2003 0:00 ,  6819.04, Shipped   ,      4,       12,    2003,              12,              46,    100.0 , S24_2300   , Diecast Collectables
      10217, 2/4/2004 0:00  ,  3148.88, Shipped   ,      1,        2,    2004,               1,              28,    100.0 , S24_2300   , Handji Gifts& Co
      10229, 3/11/2004 0:00 ,  5704.32, Shipped   ,      1,        3,    2004,               6,              48,    100.0 , S24_2300   , Mini Gifts Distributors Ltd.
      10259, 6/15/2004 0:00 ,  5285.62, Shipped   ,      2,        6,    2004,               9,              47,    100.0 , S24_2300   , Handji Gifts& Co
      10271, 7/20/2004 0:00 ,  5605.05, Shipped   ,      3,        7,    2004,              10,              43,    100.0 , S24_2300   , Mini Gifts Distributors Ltd.
      10281, 8/19/2004 0:00 ,  2779.5 , Shipped   ,      3,        8,    2004,               6,              25,    100.0 , S24_2300   , Diecast Classics Inc.
      10291, 9/8/2004 0:00  ,  5398.08, Shipped   ,      3,        9,    2004,               1,              48,    100.0 , S24_2300   , Scandinavian Gift Ideas
      10305, 10/13/2004 0:00,  3189.6 , Shipped   ,      4,       10,    2004,              10,              24,    100.0 , S24_2300   , Marta's Replicas Co.
      10313, 10/22/2004 0:00,  5581.8 , Shipped   ,      4,       10,    2004,               4,              42,    100.0 , S24_2300   , Canadian Gift Exchange Network
      10324, 11/5/2004 0:00 ,  3820.44, Shipped   ,      4,       11,    2004,               2,              31,    100.0 , S24_2300   , Vitachrome Inc.
      10371, 1/23/2005 0:00 ,  3449.4 , Shipped   ,      1,        1,    2005,               5,              20,    100.0 , S24_2300   , Mini Gifts Distributors Ltd.
      10382, 2/17/2005 0:00 ,  2654.4 , Shipped   ,      1,        2,    2005,               3,              20,    100.0 , S24_2300   , Mini Gifts Distributors Ltd.
      10108, 3/3/2003 0:00  ,  2060.45, Shipped   ,      1,        3,    2003,              15,              35,     58.87, S24_2360   , Cruz & Sons Co.
      10121, 5/7/2003 0:00  ,  2460.16, Shipped   ,      2,        5,    2003,               2,              32,     76.88, S24_2360   , Reims Collectables
      10135, 7/2/2003 0:00  ,  1787.56, Shipped   ,      3,        7,    2003,              16,              29,     61.64, S24_2360   , Mini Gifts Distributors Ltd.
      10145, 8/25/2003 0:00 ,  1645.65, Shipped   ,      3,        8,    2003,               3,              27,     60.95, S24_2360   , Toys4GrownUps.com
      10159, 10/10/2003 0:00,  2169.18, Shipped   ,      4,       10,    2003,              11,              27,     80.34, S24_2360   , Corporate Gift Ideas Co.
      10237, 4/5/2004 0:00  ,  2070.9 , Shipped   ,      2,        4,    2004,               4,              26,     79.65, S24_2360   , Vitachrome Inc.
      10264, 6/30/2004 0:00 ,  2408.7 , Shipped   ,      2,        6,    2004,               6,              37,     65.1 , S24_2360   , Gifts4AllAges.com
      10276, 8/2/2004 0:00  ,  3472.54, Shipped   ,      3,        8,    2004,              12,              46,     75.49, S24_2360   , Online Mini Collectables
      10285, 8/27/2004 0:00 ,  2263.28, Shipped   ,      3,        8,    2004,               3,              38,     59.56, S24_2360   , Marta's Replicas Co.
      10309, 10/15/2004 0:00,  1346.4 , Shipped   ,      4,       10,    2004,               2,              24,     56.1 , S24_2360   , Baane Mini Imports
      10319, 11/3/2004 0:00 ,  2533.63, Shipped   ,      4,       11,    2004,               7,              31,     81.73, S24_2360   , Microscale Inc.
      10330, 11/16/2004 0:00,  3403.26, Shipped   ,      4,       11,    2004,               1,              42,     81.03, S24_2360   , Cruz & Sons Co.
      10341, 11/24/2004 0:00,  3307.2 , Shipped   ,      4,       11,    2004,               6,              32,    100.0 , S24_2360   , Salzburg Collectables
      10390, 3/4/2005 0:00  ,  2279.55, Shipped   ,      1,        3,    2005,               4,              35,     65.13, S24_2360   , Mini Gifts Distributors Ltd.
      10124, 5/21/2003 0:00 ,  2326.4 , Shipped   ,      2,        5,    2003,              10,              32,     72.7 , S24_2766   , Signal Gift Stores
      10161, 10/17/2003 0:00,  2144.6 , Shipped   ,      4,       10,    2003,               3,              20,    100.0 , S24_2766   , Heintze Collectables
      10172, 11/5/2003 0:00 ,  1639.22, Shipped   ,      4,       11,    2003,               1,              22,     74.51, S24_2766   , Gift Depot Inc.
      10182, 11/12/2003 0:00,  2649.6 , Shipped   ,      4,       11,    2003,              14,              36,     73.6 , S24_2766   , Mini Gifts Distributors Ltd.
      10192, 11/20/2003 0:00,  3845.6 , Shipped   ,      4,       11,    2003,               2,              46,     83.6 , S24_2766   , Online Diecast Creations Co.
      10204, 12/2/2003 0:00 ,  4527.04, Shipped   ,      4,       12,    2003,               8,              47,     96.32, S24_2766   , Muscle Machine Inc
      10267, 7/7/2004 0:00  ,  3315.12, Shipped   ,      3,        7,    2004,               3,              38,     87.24, S24_2766   , Muscle Machine Inc
      10288, 9/1/2004 0:00  ,  2830.45, Shipped   ,      3,        9,    2004,               9,              35,     80.87, S24_2766   , Handji Gifts& Co
      10321, 11/4/2004 0:00 ,  2181.0 , Shipped   ,      4,       11,    2004,               1,              30,     72.7 , S24_2766   , FunGiftIdeas.com
      10346, 11/29/2004 0:00,  2876.75, Shipped   ,      4,       11,    2004,               1,              25,    100.0 , S24_2766   , Signal Gift Stores
      10368, 1/19/2005 0:00 ,  4107.2 , Shipped   ,      1,        1,    2005,               2,              40,    100.0 , S24_2766   , Mini Gifts Distributors Ltd.
      10407, 4/22/2005 0:00 ,  7182.0 , On Hold   ,      2,        4,    2005,               6,              76,     94.5 , S24_2766   , The Sharp Gifts Warehouse
      10127, 6/3/2003 0:00  ,  1489.41, Shipped   ,      2,        6,    2003,              12,              39,     38.19, S24_2840   , Muscle Machine Inc
      10195, 11/25/2003 0:00,   905.28, Shipped   ,      4,       11,    2003,               7,              32,     28.29, S24_2840   , Mini Classics
      10207, 12/9/2003 0:00 ,  1247.4 , Shipped   ,      4,       12,    2003,               8,              42,     29.7 , S24_2840   , Diecast Collectables
      10219, 2/10/2004 0:00 ,   846.51, Shipped   ,      1,        2,    2004,               3,              21,     40.31, S24_2840   , Signal Collectibles Ltd.
      10229, 3/11/2004 0:00 ,  1085.04, Shipped   ,      1,        3,    2004,               2,              33,     32.88, S24_2840   , Mini Gifts Distributors Ltd.
      10259, 6/15/2004 0:00 ,  1030.44, Shipped   ,      2,        6,    2004,               5,              31,     33.24, S24_2840   , Handji Gifts& Co
      10271, 7/20/2004 0:00 ,  1585.36, Shipped   ,      3,        7,    2004,               6,              38,     41.72, S24_2840   , Mini Gifts Distributors Ltd.
      10281, 8/19/2004 0:00 ,   813.2 , Shipped   ,      3,        8,    2004,               2,              20,     40.66, S24_2840   , Diecast Classics Inc.
      10292, 9/8/2004 0:00  ,  1172.34, Shipped   ,      3,        9,    2004,               9,              39,     30.06, S24_2840   , Land of Toys Inc.
      10305, 10/13/2004 0:00,  1510.56, Shipped   ,      4,       10,    2004,               6,              48,     31.47, S24_2840   , Marta's Replicas Co.
      10314, 10/22/2004 0:00,  1448.07, Shipped   ,      4,       10,    2004,              15,              39,     37.13, S24_2840   , Heintze Collectables
      10324, 11/5/2004 0:00 ,  3338.1 , Shipped   ,      4,       11,    2004,               9,              30,    100.0 , S24_2840   , Vitachrome Inc.
      10335, 11/19/2004 0:00,  1225.29, Shipped   ,      4,       11,    2004,               2,              33,     37.13, S24_2840   , Mini Gifts Distributors Ltd.
      10349, 12/1/2004 0:00 ,  1336.68, Shipped   ,      4,       12,    2004,               3,              36,     37.13, S24_2840   , Muscle Machine Inc
      10371, 1/23/2005 0:00 ,  5545.8 , Shipped   ,      1,        1,    2005,               8,              45,    100.0 , S24_2840   , Mini Gifts Distributors Ltd.
      10106, 2/17/2003 0:00 ,  3659.32, Shipped   ,      1,        2,    2003,              13,              49,     74.68, S24_2841   , Rovelli Gifts
      10119, 4/28/2003 0:00 ,  2443.6 , Shipped   ,      2,        4,    2003,               4,              41,     59.6 , S24_2841   , Salzburg Collectables
      10131, 6/16/2003 0:00 ,  2349.9 , Shipped   ,      2,        6,    2003,               5,              35,     67.14, S24_2841   , Gift Ideas Corp.
      10143, 8/10/2003 0:00 ,  1646.19, Shipped   ,      3,        8,    2003,               8,              27,     60.97, S24_2841   , Mini Creations Ltd.
      10167, 10/23/2003 0:00,  1467.48, Cancelled ,      4,       10,    2003,               2,              21,     69.88, S24_2841   , Scandinavian Gift Ideas
      10178, 11/8/2003 0:00 ,  2748.56, Shipped   ,      4,       11,    2003,               5,              34,     80.84, S24_2841   , Alpha Cognac
      10198, 11/27/2003 0:00,  3255.36, Shipped   ,      4,       11,    2003,               5,              48,     67.82, S24_2841   , Cruz & Sons Co.
      10222, 2/19/2004 0:00 ,  2608.96, Shipped   ,      1,        2,    2004,               5,              32,     81.53, S24_2841   , Collectable Mini Designs Co.
      10249, 5/8/2004 0:00  ,  1356.4 , Shipped   ,      2,        5,    2004,               1,              20,     67.82, S24_2841   , Cambridge Collectables Co.
      10274, 7/21/2004 0:00 ,  2603.2 , Shipped   ,      3,        7,    2004,               2,              40,     65.08, S24_2841   , Collectables For Less Inc.
      10316, 11/1/2004 0:00 ,  2166.14, Shipped   ,      4,       11,    2004,              10,              34,     63.71, S24_2841   , giftsbymail.co.uk
      10328, 11/12/2004 0:00,  2828.16, Shipped   ,      4,       11,    2004,               1,              48,     58.92, S24_2841   , Rovelli Gifts
      10398, 3/30/2005 0:00 ,  1611.4 , Shipped   ,      1,        3,    2005,               3,              28,     57.55, S24_2841   , Reims Collectables
      10400, 4/1/2005 0:00  ,  1479.84, Shipped   ,      2,        4,    2005,               2,              24,     61.66, S24_2841   , The Sharp Gifts Warehouse
      10124, 5/21/2003 0:00 ,  2348.75, Shipped   ,      2,        5,    2003,               9,              25,     93.95, S24_2887   , Signal Gift Stores
      10161, 10/17/2003 0:00,  2759.75, Shipped   ,      4,       10,    2003,               2,              25,    100.0 , S24_2887   , Heintze Collectables
      10173, 11/5/2003 0:00 ,  2728.03, Shipped   ,      4,       11,    2003,              16,              23,    100.0 , S24_2887   , Rovelli Gifts
      10182, 11/12/2003 0:00,  2395.8 , Shipped   ,      4,       11,    2003,              13,              20,    100.0 , S24_2887   , Mini Gifts Distributors Ltd.
      10192, 11/20/2003 0:00,  3052.33, Shipped   ,      4,       11,    2003,               1,              23,    100.0 , S24_2887   , Online Diecast Creations Co.
      10204, 12/2/2003 0:00 ,  4242.0 , Shipped   ,      4,       12,    2003,               7,              42,    100.0 , S24_2887   , Muscle Machine Inc
      10267, 7/7/2004 0:00  ,  4645.72, Shipped   ,      3,        7,    2004,               2,              43,    100.0 , S24_2887   , Muscle Machine Inc
      10288, 9/1/2004 0:00  ,  6539.04, Shipped   ,      3,        9,    2004,               8,              48,    100.0 , S24_2887   , Handji Gifts& Co
      10346, 11/29/2004 0:00,  2093.76, Shipped   ,      4,       11,    2004,               5,              24,     87.24, S24_2887   , Signal Gift Stores
      10368, 1/19/2005 0:00 ,  4223.13, Shipped   ,      1,        1,    2005,               5,              31,    100.0 , S24_2887   , Mini Gifts Distributors Ltd.
      10407, 4/22/2005 0:00 ,  5820.35, On Hold   ,      2,        4,    2005,               5,              59,     98.65, S24_2887   , The Sharp Gifts Warehouse
      10109, 3/10/2003 0:00 ,   930.9 , Shipped   ,      1,        3,    2003,               6,              29,     32.1 , S24_2972   , Motor Mint Distributors Inc.
      10135, 7/2/2003 0:00  ,   717.4 , Shipped   ,      3,        7,    2003,               1,              20,     35.87, S24_2972   , Mini Gifts Distributors Ltd.
      10147, 9/5/2003 0:00  ,  1066.75, Shipped   ,      3,        9,    2003,               1,              25,     42.67, S24_2972   , Collectables For Less Inc.
      10171, 11/5/2003 0:00 ,  1277.64, Shipped   ,      4,       11,    2003,               4,              36,     35.49, S24_2972   , Quebec Home Shopping Network
      10192, 11/20/2003 0:00,   917.7 , Shipped   ,      4,       11,    2003,              13,              30,     30.59, S24_2972   , Online Diecast Creations Co.
      10266, 7/6/2004 0:00  ,  1373.6 , Shipped   ,      3,        7,    2004,               8,              34,     40.4 , S24_2972   , L'ordine Souveniers
      10278, 8/6/2004 0:00  ,  1205.59, Shipped   ,      3,        8,    2004,               8,              31,     38.89, S24_2972   , Signal Gift Stores
      10321, 11/4/2004 0:00 ,  1229.51, Shipped   ,      4,       11,    2004,              12,              37,     33.23, S24_2972   , FunGiftIdeas.com
      10331, 11/17/2004 0:00,  1140.48, Shipped   ,      4,       11,    2004,              13,              27,     42.24, S24_2972   , Motor Mint Distributors Inc.
      10367, 1/12/2005 0:00 ,  5018.4 , Resolved  ,      1,        1,    2005,               2,              36,    100.0 , S24_2972   , Toys4GrownUps.com
      10390, 3/4/2005 0:00  ,  4894.73, Shipped   ,      1,        3,    2005,               5,              37,    100.0 , S24_2972   , Mini Gifts Distributors Ltd.
      10419, 5/17/2005 0:00 ,   640.05, Shipped   ,      2,        5,    2005,               7,              15,     42.67, S24_2972   , Salzburg Collectables
      10105, 2/11/2003 0:00 ,  3193.52, Shipped   ,      1,        2,    2003,               4,              44,     72.58, S24_3151   , Danish Wholesale Imports
      10119, 4/28/2003 0:00 ,  3066.7 , Shipped   ,      2,        4,    2003,              13,              35,     87.62, S24_3151   , Salzburg Collectables
      10142, 8/8/2003 0:00  ,  4814.25, Shipped   ,      3,        8,    2003,               1,              49,     98.25, S24_3151   , Mini Gifts Distributors Ltd.
      10154, 10/2/2003 0:00 ,  2826.27, Shipped   ,      4,       10,    2003,               2,              31,     91.17, S24_3151   , Boards & Toys Co.
      10167, 10/23/2003 0:00,  1593.2 , Cancelled ,      4,       10,    2003,              11,              20,     79.66, S24_3151   , Scandinavian Gift Ideas
      10185, 11/14/2003 0:00,  2453.55, Shipped   ,      4,       11,    2003,               2,              33,     74.35, S24_3151   , Mini Creations Ltd.
      10222, 2/19/2004 0:00 ,  3328.07, Shipped   ,      1,        2,    2004,              14,              47,     70.81, S24_3151   , Collectable Mini Designs Co.
      10233, 3/29/2004 0:00 ,  3788.4 , Shipped   ,      1,        3,    2004,               2,              40,     94.71, S24_3151   , Tekni Collectables Inc.
      10248, 5/7/2004 0:00  ,  3053.7 , Cancelled ,      2,        5,    2004,               5,              30,    100.0 , S24_3151   , Land of Toys Inc.
      10261, 6/17/2004 0:00 ,  2005.74, Shipped   ,      2,        6,    2004,               3,              22,     91.17, S24_3151   , Quebec Home Shopping Network
      10273, 7/21/2004 0:00 ,  2796.12, Shipped   ,      3,        7,    2004,               6,              27,    100.0 , S24_3151   , Petit Auto
      10295, 9/10/2004 0:00 ,  3908.62, Shipped   ,      3,        9,    2004,               3,              46,     84.97, S24_3151   , Gifts4AllAges.com
      10384, 2/23/2005 0:00 ,  4208.41, Shipped   ,      1,        2,    2005,               2,              43,     97.87, S24_3151   , Corporate Gift Ideas Co.
      10396, 3/23/2005 0:00 ,  2246.4 , Shipped   ,      1,        3,    2005,               7,              27,     83.2 , S24_3151   , Mini Gifts Distributors Ltd.
      10414, 5/6/2005 0:00  ,  6107.4 , On Hold   ,      2,        5,    2005,               5,              60,    100.0 , S24_3151   , Gifts4AllAges.com
      10124, 5/21/2003 0:00 ,  4068.96, Shipped   ,      2,        5,    2003,              11,              49,     83.04, S24_3191   , Signal Gift Stores
      10161, 10/17/2003 0:00,  1541.0 , Shipped   ,      4,       10,    2003,               4,              20,     77.05, S24_3191   , Heintze Collectables
      10172, 11/5/2003 0:00 ,  1951.92, Shipped   ,      4,       11,    2003,               2,              24,     81.33, S24_3191   , Gift Depot Inc.
      10182, 11/12/2003 0:00,  3107.61, Shipped   ,      4,       11,    2003,              15,              33,     94.17, S24_3191   , Mini Gifts Distributors Ltd.
      10192, 11/20/2003 0:00,  2328.64, Shipped   ,      4,       11,    2003,               3,              32,     72.77, S24_3191   , Online Diecast Creations Co.
      10204, 12/2/2003 0:00 ,  3184.8 , Shipped   ,      4,       12,    2003,               9,              40,     79.62, S24_3191   , Muscle Machine Inc
      10267, 7/7/2004 0:00  ,  4256.56, Shipped   ,      3,        7,    2004,               4,              44,     96.74, S24_3191   , Muscle Machine Inc
      10288, 9/1/2004 0:00  ,  2328.66, Shipped   ,      3,        9,    2004,              10,              34,     68.49, S24_3191   , Handji Gifts& Co
      10321, 11/4/2004 0:00 ,  3305.25, Shipped   ,      4,       11,    2004,               2,              39,     84.75, S24_3191   , FunGiftIdeas.com
      10346, 11/29/2004 0:00,  3325.92, Shipped   ,      4,       11,    2004,               2,              24,    100.0 , S24_3191   , Signal Gift Stores
      10368, 1/19/2005 0:00 ,  3662.52, Shipped   ,      1,        1,    2005,               1,              46,     79.62, S24_3191   , Mini Gifts Distributors Ltd.
      10407, 4/22/2005 0:00 ,  1057.29, On Hold   ,      2,        4,    2005,               7,              13,     81.33, S24_3191   , The Sharp Gifts Warehouse
      10108, 3/3/2003 0:00  ,  1892.1 , Shipped   ,      1,        3,    2003,               5,              30,     63.07, S24_3371   , Cruz & Sons Co.
      10135, 7/2/2003 0:00  ,  1785.51, Shipped   ,      3,        7,    2003,               6,              27,     66.13, S24_3371   , Mini Gifts Distributors Ltd.
      10147, 9/5/2003 0:00  ,  2057.4 , Shipped   ,      3,        9,    2003,               6,              30,     68.58, S24_3371   , Collectables For Less Inc.
      10159, 10/10/2003 0:00,  3490.0 , Shipped   ,      4,       10,    2003,               1,              50,     69.8 , S24_3371   , Corporate Gift Ideas Co.
      10238, 4/9/2004 0:00  ,  2935.15, Shipped   ,      2,        4,    2004,               2,              47,     62.45, S24_3371   , Danish Wholesale Imports
      10266, 7/6/2004 0:00  ,  2935.15, Shipped   ,      3,        7,    2004,              13,              47,     62.45, S24_3371   , L'ordine Souveniers
      10276, 8/2/2004 0:00  ,  1224.6 , Shipped   ,      3,        8,    2004,               2,              20,     61.23, S24_3371   , Online Mini Collectables
      10331, 11/17/2004 0:00,  3078.5 , Shipped   ,      4,       11,    2004,               9,              25,    100.0 , S24_3371   , Motor Mint Distributors Inc.
      10390, 3/4/2005 0:00  ,  2430.64, Shipped   ,      1,        3,    2005,               6,              46,     52.84, S24_3371   , Mini Gifts Distributors Ltd.
      10419, 5/17/2005 0:00 ,  2896.3 , Shipped   ,      2,        5,    2005,              12,              55,     52.66, S24_3371   , Salzburg Collectables
      10106, 2/17/2003 0:00 ,  1630.6 , Shipped   ,      1,        2,    2003,              14,              31,     52.6 , S24_3420   , Rovelli Gifts
      10119, 4/28/2003 0:00 ,  1459.6 , Shipped   ,      2,        4,    2003,               5,              20,     72.98, S24_3420   , Salzburg Collectables
      10131, 6/16/2003 0:00 ,  1716.22, Shipped   ,      2,        6,    2003,               6,              29,     59.18, S24_3420   , Gift Ideas Corp.
      10143, 8/10/2003 0:00 ,  2560.47, Shipped   ,      3,        8,    2003,               9,              33,     77.59, S24_3420   , Mini Creations Ltd.
      10167, 10/23/2003 0:00,  2019.84, Cancelled ,      4,       10,    2003,               3,              32,     63.12, S24_3420   , Scandinavian Gift Ideas
      10178, 11/8/2003 0:00 ,  1988.28, Shipped   ,      4,       11,    2003,               6,              27,     73.64, S24_3420   , Alpha Cognac
      10198, 11/27/2003 0:00,  1935.09, Shipped   ,      4,       11,    2003,               6,              27,     71.67, S24_3420   , Cruz & Sons Co.
      10222, 2/19/2004 0:00 ,  3025.05, Shipped   ,      1,        2,    2004,               6,              43,     70.35, S24_3420   , Collectable Mini Designs Co.
      10249, 5/8/2004 0:00  ,  1742.5 , Shipped   ,      2,        5,    2004,               2,              25,     69.7 , S24_3420   , Cambridge Collectables Co.
      10274, 7/21/2004 0:00 ,  1735.92, Shipped   ,      3,        7,    2004,               3,              24,     72.33, S24_3420   , Collectables For Less Inc.
      10316, 11/1/2004 0:00 ,  3615.71, Shipped   ,      4,       11,    2004,              11,              47,     76.93, S24_3420   , giftsbymail.co.uk
      10328, 11/12/2004 0:00,  1459.6 , Shipped   ,      4,       11,    2004,               2,              20,     72.98, S24_3420   , Rovelli Gifts
      10398, 3/30/2005 0:00 ,  2436.78, Shipped   ,      1,        3,    2005,              13,              34,     71.67, S24_3420   , Reims Collectables
      10400, 4/1/2005 0:00  ,  2173.6 , Shipped   ,      2,        4,    2005,               3,              38,     57.2 , S24_3420   , The Sharp Gifts Warehouse
      10124, 5/21/2003 0:00 ,  5203.0 , Shipped   ,      2,        5,    2003,              13,              43,    100.0 , S24_3432   , Signal Gift Stores
      10161, 10/17/2003 0:00,  3148.2 , Shipped   ,      4,       10,    2003,               6,              30,    100.0 , S24_3432   , Heintze Collectables
      10172, 11/5/2003 0:00 ,  2167.22, Shipped   ,      4,       11,    2003,               4,              22,     98.51, S24_3432   , Gift Depot Inc.
      10182, 11/12/2003 0:00,  6244.07, Shipped   ,      4,       11,    2003,              17,              49,    100.0 , S24_3432   , Mini Gifts Distributors Ltd.
      10192, 11/20/2003 0:00,  5566.0 , Shipped   ,      4,       11,    2003,               5,              46,    100.0 , S24_3432   , Online Diecast Creations Co.
      10204, 12/2/2003 0:00 ,  4368.96, Shipped   ,      4,       12,    2003,              11,              48,     91.02, S24_3432   , Muscle Machine Inc
      10226, 2/26/2004 0:00 ,  4420.32, Shipped   ,      1,        2,    2004,               2,              48,     92.09, S24_3432   , Collectable Mini Designs Co.
      10267, 7/7/2004 0:00  ,  5110.98, Shipped   ,      3,        7,    2004,               6,              43,    100.0 , S24_3432   , Muscle Machine Inc
      10288, 9/1/2004 0:00  ,  4873.26, Shipped   ,      3,        9,    2004,              12,              41,    100.0 , S24_3432   , Handji Gifts& Co
      10321, 11/4/2004 0:00 ,  1888.95, Shipped   ,      4,       11,    2004,               4,              21,     89.95, S24_3432   , FunGiftIdeas.com
      10346, 11/29/2004 0:00,  2492.88, Shipped   ,      4,       11,    2004,               6,              26,     95.88, S24_3432   , Signal Gift Stores
      10368, 1/19/2005 0:00 ,  1991.6 , Shipped   ,      1,        1,    2005,               4,              20,     99.58, S24_3432   , Mini Gifts Distributors Ltd.
      10407, 4/22/2005 0:00 ,  3729.39, On Hold   ,      2,        4,    2005,               9,              43,     86.73, S24_3432   , The Sharp Gifts Warehouse
      10105, 2/11/2003 0:00 ,  3983.5 , Shipped   ,      1,        2,    2003,               1,              50,     79.67, S24_3816   , Danish Wholesale Imports
      10119, 4/28/2003 0:00 ,  3169.95, Shipped   ,      2,        4,    2003,              10,              35,     90.57, S24_3816   , Salzburg Collectables
      10143, 8/10/2003 0:00 ,  1851.73, Shipped   ,      3,        8,    2003,              14,              23,     80.51, S24_3816   , Mini Creations Ltd.
      10167, 10/23/2003 0:00,  2431.94, Cancelled ,      4,       10,    2003,               8,              29,     83.86, S24_3816   , Scandinavian Gift Ideas
      10178, 11/8/2003 0:00 ,  1514.52, Shipped   ,      4,       11,    2003,              11,              21,     72.12, S24_3816   , Alpha Cognac
      10222, 2/19/2004 0:00 ,  3703.46, Shipped   ,      1,        2,    2004,              11,              46,     80.51, S24_3816   , Collectable Mini Designs Co.
      10248, 5/7/2004 0:00  ,  1755.13, Cancelled ,      2,        5,    2004,               2,              23,     76.31, S24_3816   , Land of Toys Inc.
      10273, 7/21/2004 0:00 ,  3984.96, Shipped   ,      3,        7,    2004,               3,              48,     83.02, S24_3816   , Petit Auto
      10316, 11/1/2004 0:00 ,  2306.25, Shipped   ,      4,       11,    2004,              16,              25,     92.25, S24_3816   , giftsbymail.co.uk
      10385, 2/28/2005 0:00 ,  3164.98, Shipped   ,      1,        2,    2005,               2,              37,     85.54, S24_3816   , Mini Gifts Distributors Ltd.
      10396, 3/23/2005 0:00 ,  3351.09, Shipped   ,      1,        3,    2005,               8,              37,     90.57, S24_3816   , Mini Gifts Distributors Ltd.
      10400, 4/1/2005 0:00  ,  3064.32, Shipped   ,      2,        4,    2005,               8,              42,     72.96, S24_3816   , The Sharp Gifts Warehouse
      10414, 5/6/2005 0:00  ,  3891.81, On Hold   ,      2,        5,    2005,               2,              51,     76.31, S24_3816   , Gifts4AllAges.com
      10108, 3/3/2003 0:00  ,  5448.8 , Shipped   ,      1,        3,    2003,               1,              40,    100.0 , S24_3856   , Cruz & Sons Co.
      10135, 7/2/2003 0:00  ,  6336.07, Shipped   ,      3,        7,    2003,               2,              47,    100.0 , S24_3856   , Mini Gifts Distributors Ltd.
      10147, 9/5/2003 0:00  ,  2906.97, Shipped   ,      3,        9,    2003,               2,              23,    100.0 , S24_3856   , Collectables For Less Inc.
      10170, 11/4/2003 0:00 ,  3819.56, Shipped   ,      4,       11,    2003,               1,              34,    100.0 , S24_3856   , Mini Auto Werke
      10192, 11/20/2003 0:00,  6319.35, Shipped   ,      4,       11,    2003,              14,              45,    100.0 , S24_3856   , Online Diecast Creations Co.
      10266, 7/6/2004 0:00  ,  2932.08, Shipped   ,      3,        7,    2004,               9,              24,    100.0 , S24_3856   , L'ordine Souveniers
      10278, 8/6/2004 0:00  ,  3159.75, Shipped   ,      3,        8,    2004,               9,              25,    100.0 , S24_3856   , Signal Gift Stores
      10321, 11/4/2004 0:00 ,  4052.88, Shipped   ,      4,       11,    2004,              13,              26,    100.0 , S24_3856   , FunGiftIdeas.com
      10331, 11/17/2004 0:00,  3135.93, Shipped   ,      4,       11,    2004,               1,              21,    100.0 , S24_3856   , Motor Mint Distributors Inc.
      10390, 3/4/2005 0:00  ,  6763.05, Shipped   ,      1,        3,    2005,               8,              45,    100.0 , S24_3856   , Mini Gifts Distributors Ltd.
      10419, 5/17/2005 0:00 ,  9240.0 , Shipped   ,      2,        5,    2005,               8,              70,    100.0 , S24_3856   , Salzburg Collectables
      10106, 2/17/2003 0:00 ,  3241.5 , Shipped   ,      1,        2,    2003,              11,              50,     64.83, S24_3949   , Rovelli Gifts
      10119, 4/28/2003 0:00 ,  1968.12, Shipped   ,      2,        4,    2003,               2,              28,     70.29, S24_3949   , Salzburg Collectables
      10131, 6/16/2003 0:00 ,  4094.5 , Shipped   ,      2,        6,    2003,               3,              50,     81.89, S24_3949   , Gift Ideas Corp.
      10143, 8/10/2003 0:00 ,  1853.32, Shipped   ,      3,        8,    2003,               6,              28,     66.19, S24_3949   , Mini Creations Ltd.
      10168, 10/28/2003 0:00,  1971.54, Shipped   ,      4,       10,    2003,              18,              27,     73.02, S24_3949   , Technics Stores Inc.
      10178, 11/8/2003 0:00 ,  2169.9 , Shipped   ,      4,       11,    2003,               3,              30,     72.33, S24_3949   , Alpha Cognac
      10198, 11/27/2003 0:00,  2846.17, Shipped   ,      4,       11,    2003,               3,              43,     66.19, S24_3949   , Cruz & Sons Co.
      10222, 2/19/2004 0:00 ,  2718.72, Shipped   ,      1,        2,    2004,               3,              48,     56.64, S24_3949   , Collectable Mini Designs Co.
      10250, 5/11/2004 0:00 ,  3002.4 , Shipped   ,      2,        5,    2004,              13,              40,     75.06, S24_3949   , The Sharp Gifts Warehouse
      10308, 10/15/2004 0:00,  3286.49, Shipped   ,      4,       10,    2004,              16,              43,     76.43, S24_3949   , Mini Classics
      10316, 11/1/2004 0:00 ,  2333.7 , Shipped   ,      4,       11,    2004,               8,              30,     77.79, S24_3949   , giftsbymail.co.uk
      10328, 11/12/2004 0:00,  2675.05, Shipped   ,      4,       11,    2004,               3,              35,     76.43, S24_3949   , Rovelli Gifts
      10398, 3/30/2005 0:00 ,  2797.84, Shipped   ,      1,        3,    2005,               2,              41,     68.24, S24_3949   , Reims Collectables
      10401, 4/3/2005 0:00  ,  3843.2 , On Hold   ,      2,        4,    2005,              12,              64,     60.05, S24_3949   , Tekni Collectables Inc.
      10416, 5/10/2005 0:00 ,  1351.08, Shipped   ,      2,        5,    2005,              13,              18,     75.06, S24_3949   , L'ordine Souveniers
      10100, 1/6/2003 0:00  ,  1689.03, Shipped   ,      1,        1,    2003,               1,              49,     34.47, S24_3969   , Online Diecast Creations Co.
      10124, 5/21/2003 0:00 ,  1528.58, Shipped   ,      2,        5,    2003,               4,              46,     33.23, S24_3969   , Signal Gift Stores
      10149, 9/12/2003 0:00 ,  1013.48, Shipped   ,      3,        9,    2003,               9,              26,     38.98, S24_3969   , Signal Collectibles Ltd.
      10162, 10/18/2003 0:00,  1442.26, Shipped   ,      4,       10,    2003,               7,              37,     38.98, S24_3969   , Corporate Gift Ideas Co.
      10173, 11/5/2003 0:00 ,  1163.05, Shipped   ,      4,       11,    2003,              11,              35,     33.23, S24_3969   , Rovelli Gifts
      10182, 11/12/2003 0:00,   971.98, Shipped   ,      4,       11,    2003,               8,              23,     42.26, S24_3969   , Mini Gifts Distributors Ltd.
      10204, 12/2/2003 0:00 ,  1295.97, Shipped   ,      4,       12,    2003,               2,              39,     33.23, S24_3969   , Muscle Machine Inc
      10242, 4/20/2004 0:00 ,  1698.78, Shipped   ,      2,        4,    2004,               1,              46,     36.93, S24_3969   , Microscale Inc.
      10280, 8/17/2004 0:00 ,  1381.05, Shipped   ,      3,        8,    2004,              14,              33,     41.85, S24_3969   , Amica Models & Co.
      10288, 9/1/2004 0:00  ,  1340.46, Shipped   ,      3,        9,    2004,               3,              33,     40.62, S24_3969   , Handji Gifts& Co
      10312, 10/21/2004 0:00,  1093.99, Shipped   ,      4,       10,    2004,              15,              31,     35.29, S24_3969   , Mini Gifts Distributors Ltd.
      10346, 11/29/2004 0:00,  2143.68, Shipped   ,      4,       11,    2004,               4,              22,     97.44, S24_3969   , Signal Gift Stores
      10368, 1/19/2005 0:00 ,  1717.64, Shipped   ,      1,        1,    2005,               3,              46,     37.34, S24_3969   , Mini Gifts Distributors Ltd.
      10115, 4/4/2003 0:00  ,  5568.64, Shipped   ,      2,        4,    2003,               1,              44,    100.0 , S24_4048   , Classic Legends Inc.
      10127, 6/3/2003 0:00  ,  1939.8 , Shipped   ,      2,        6,    2003,               7,              20,     96.99, S24_4048   , Muscle Machine Inc
      10176, 11/6/2003 0:00 ,  2915.66, Shipped   ,      4,       11,    2003,               7,              29,    100.0 , S24_4048   , L'ordine Souveniers
      10195, 11/25/2003 0:00,  3699.88, Shipped   ,      4,       11,    2003,               2,              34,    100.0 , S24_4048   , Mini Classics
      10207, 12/9/2003 0:00 ,  2980.6 , Shipped   ,      4,       12,    2003,               3,              28,    100.0 , S24_4048   , Diecast Collectables
      10271, 7/20/2004 0:00 ,  3070.54, Shipped   ,      3,        7,    2004,               1,              22,    100.0 , S24_4048   , Mini Gifts Distributors Ltd.
      10282, 8/20/2004 0:00 ,  4797.39, Shipped   ,      3,        8,    2004,              10,              39,    100.0 , S24_4048   , Mini Gifts Distributors Ltd.
      10292, 9/8/2004 0:00  ,  3832.38, Shipped   ,      3,        9,    2004,               4,              27,    100.0 , S24_4048   , Land of Toys Inc.
      10305, 10/13/2004 0:00,  4641.48, Shipped   ,      4,       10,    2004,               1,              36,    100.0 , S24_4048   , Marta's Replicas Co.
      10314, 10/22/2004 0:00,  4000.26, Shipped   ,      4,       10,    2004,              10,              38,    100.0 , S24_4048   , Heintze Collectables
      10325, 11/5/2004 0:00 ,  5325.76, Shipped   ,      4,       11,    2004,               5,              44,    100.0 , S24_4048   , Baane Mini Imports
      10349, 12/1/2004 0:00 ,  3182.97, Shipped   ,      4,       12,    2004,               2,              23,    100.0 , S24_4048   , Muscle Machine Inc
      10359, 12/15/2004 0:00,  2603.04, Shipped   ,      4,       12,    2004,               7,              22,    100.0 , S24_4048   , Reims Collectables
      10371, 1/23/2005 0:00 ,  1408.96, Shipped   ,      1,        1,    2005,               9,              28,     50.32, S24_4048   , Mini Gifts Distributors Ltd.
      10103, 1/29/2003 0:00 ,  2873.0 , Shipped   ,      1,        1,    2003,              15,              25,    100.0 , S24_4258   , Baane Mini Imports
      10111, 3/25/2003 0:00 ,  2253.68, Shipped   ,      1,        3,    2003,               3,              26,     86.68, S24_4258   , Mini Wheels Co.
      10149, 9/12/2003 0:00 ,  1811.4 , Shipped   ,      3,        9,    2003,               1,              20,     90.57, S24_4258   , Signal Collectibles Ltd.
      10163, 10/20/2003 0:00,  3845.1 , Shipped   ,      4,       10,    2003,               5,              42,     91.55, S24_4258   , Classic Legends Inc.
      10173, 11/5/2003 0:00 ,  2571.14, Shipped   ,      4,       11,    2003,               3,              22,    100.0 , S24_4258   , Rovelli Gifts
      10206, 12/5/2003 0:00 ,  3213.87, Shipped   ,      4,       12,    2003,              10,              33,     97.39, S24_4258   , Canadian Gift Exchange Network
      10215, 1/29/2004 0:00 ,  3532.23, Shipped   ,      1,        1,    2004,               7,              39,     90.57, S24_4258   , West Coast Collectables Co.
      10228, 3/10/2004 0:00 ,  3406.59, Shipped   ,      1,        3,    2004,               6,              33,    100.0 , S24_4258   , Cambridge Collectables Co.
      10257, 6/14/2004 0:00 ,  3628.94, Shipped   ,      2,        6,    2004,               4,              46,     78.89, S24_4258   , The Sharp Gifts Warehouse
      10269, 7/16/2004 0:00 ,  4674.72, Shipped   ,      3,        7,    2004,               2,              48,     97.39, S24_4258   , Salzburg Collectables
      10280, 8/17/2004 0:00 ,  1656.69, Shipped   ,      3,        8,    2004,               6,              21,     78.89, S24_4258   , Amica Models & Co.
      10290, 9/7/2004 0:00  ,  5171.4 , Shipped   ,      3,        9,    2004,               1,              45,    100.0 , S24_4258   , Auto-Moto Classics Inc.
      10312, 10/21/2004 0:00,  4884.88, Shipped   ,      4,       10,    2004,               7,              44,    100.0 , S24_4258   , Mini Gifts Distributors Ltd.
      10324, 11/5/2004 0:00 ,  6267.69, Shipped   ,      4,       11,    2004,               3,              33,    100.0 , S24_4258   , Vitachrome Inc.
      10333, 11/18/2004 0:00,  4424.16, Shipped   ,      4,       11,    2004,               1,              39,    100.0 , S24_4258   , Mini Wheels Co.
      10369, 1/20/2005 0:00 ,  3476.8 , Shipped   ,      1,        1,    2005,               3,              40,     86.92, S24_4258   , Collectables For Less Inc.
      10382, 2/17/2005 0:00 ,  4592.61, Shipped   ,      1,        2,    2005,               4,              33,    100.0 , S24_4258   , Mini Gifts Distributors Ltd.
      10423, 5/30/2005 0:00 ,  2208.92, In Process,      2,        5,    2005,               4,              28,     78.89, S24_4258   , Petit Auto
      10106, 2/17/2003 0:00 ,  1657.76, Shipped   ,      1,        2,    2003,               3,              26,     63.76, S24_4278   , Rovelli Gifts
      10145, 8/25/2003 0:00 ,  2797.41, Shipped   ,      3,        8,    2003,              15,              33,     84.77, S24_4278   , Toys4GrownUps.com
      10168, 10/28/2003 0:00,  3756.0 , Shipped   ,      4,       10,    2003,              10,              48,     78.25, S24_4278   , Technics Stores Inc.
      10250, 5/11/2004 0:00 ,  2760.94, Shipped   ,      2,        5,    2004,               5,              37,     74.62, S24_4278   , The Sharp Gifts Warehouse
      10263, 6/28/2004 0:00 ,  1808.4 , Shipped   ,      2,        6,    2004,              11,              24,     75.35, S24_4278   , Gift Depot Inc.
      10308, 10/15/2004 0:00,  3666.08, Shipped   ,      4,       10,    2004,               8,              44,     83.32, S24_4278   , Mini Classics
      10317, 11/2/2004 0:00 ,  2916.2 , Shipped   ,      4,       11,    2004,               1,              35,     83.32, S24_4278   , Technics Stores Inc.
      10328, 11/12/2004 0:00,  2616.98, Shipped   ,      4,       11,    2004,               4,              43,     60.86, S24_4278   , Rovelli Gifts
      10353, 12/4/2004 0:00 ,  3146.5 , Shipped   ,      4,       12,    2004,               3,              35,     89.9 , S24_4278   , Gift Ideas Corp.
      10398, 3/30/2005 0:00 ,  3521.25, Shipped   ,      1,        3,    2005,              14,              45,     78.25, S24_4278   , Reims Collectables
      10401, 4/3/2005 0:00  ,  4219.28, On Hold   ,      2,        4,    2005,               4,              52,     81.14, S24_4278   , Tekni Collectables Inc.
      10416, 5/10/2005 0:00 ,  3581.76, Shipped   ,      2,        5,    2005,               5,              48,     74.62, S24_4278   , L'ordine Souveniers
      10108, 3/3/2003 0:00  ,  2130.01, Shipped   ,      1,        3,    2003,              10,              31,     68.71, S24_4620   , Cruz & Sons Co.
      10135, 7/2/2003 0:00  ,  2008.13, Shipped   ,      3,        7,    2003,              11,              23,     87.31, S24_4620   , Mini Gifts Distributors Ltd.
      10147, 9/5/2003 0:00  ,  2004.77, Shipped   ,      3,        9,    2003,              11,              31,     64.67, S24_4620   , Collectables For Less Inc.
      10159, 10/10/2003 0:00,  1543.3 , Shipped   ,      4,       10,    2003,               6,              23,     67.1 , S24_4620   , Corporate Gift Ideas Co.
      10238, 4/9/2004 0:00  ,  2062.94, Shipped   ,      2,        4,    2004,               7,              22,     93.77, S24_4620   , Danish Wholesale Imports
      10264, 6/30/2004 0:00 ,  3913.69, Shipped   ,      2,        6,    2004,               1,              47,     83.27, S24_4620   , Gifts4AllAges.com
      10276, 8/2/2004 0:00  ,  3608.64, Shipped   ,      3,        8,    2004,               7,              48,     75.18, S24_4620   , Online Mini Collectables
      10319, 11/3/2004 0:00 ,  3684.67, Shipped   ,      4,       11,    2004,               2,              43,     85.69, S24_4620   , Microscale Inc.
      10331, 11/17/2004 0:00,  5715.4 , Shipped   ,      4,       11,    2004,               2,              41,    100.0 , S24_4620   , Motor Mint Distributors Inc.
      10343, 11/24/2004 0:00,  3098.7 , Shipped   ,      4,       11,    2004,               1,              30,    100.0 , S24_4620   , Reims Collectables
      10390, 3/4/2005 0:00  ,  2472.6 , Shipped   ,      1,        3,    2005,              10,              30,     82.42, S24_4620   , Mini Gifts Distributors Ltd.
      10103, 1/29/2003 0:00 ,  3224.31, Shipped   ,      1,        1,    2003,               3,              31,    100.0 , S32_1268   , Baane Mini Imports
      10140, 7/24/2003 0:00 ,  2829.58, Shipped   ,      3,        7,    2003,               3,              26,    100.0 , S32_1268   , Technics Stores Inc.
      10164, 10/21/2003 0:00,  2634.96, Resolved  ,      4,       10,    2003,               1,              24,    100.0 , S32_1268   , Mini Auto Werke
      10207, 12/9/2003 0:00 ,  3964.1 , Shipped   ,      4,       12,    2003,              14,              49,     80.9 , S32_1268   , Diecast Collectables
      10217, 2/4/2004 0:00  ,  2244.9 , Shipped   ,      1,        2,    2004,               3,              21,    100.0 , S32_1268   , Handji Gifts& Co
      10229, 3/11/2004 0:00 ,  2793.0 , Shipped   ,      1,        3,    2004,               8,              25,    100.0 , S32_1268   , Mini Gifts Distributors Ltd.
      10245, 5/4/2004 0:00  ,  4133.64, Shipped   ,      2,        5,    2004,               1,              37,    100.0 , S32_1268   , Super Scale Inc.
      10259, 6/15/2004 0:00 ,  3900.6 , Shipped   ,      2,        6,    2004,              11,              45,     86.68, S32_1268   , Handji Gifts& Co
      10281, 8/19/2004 0:00 ,  2402.07, Shipped   ,      3,        8,    2004,               8,              29,     82.83, S32_1268   , Diecast Classics Inc.
      10291, 9/8/2004 0:00  ,  2178.54, Shipped   ,      3,        9,    2004,               3,              26,     83.79, S32_1268   , Scandinavian Gift Ideas
      10305, 10/13/2004 0:00,  3155.04, Shipped   ,      4,       10,    2004,              12,              28,    100.0 , S32_1268   , Marta's Replicas Co.
      10313, 10/22/2004 0:00,  2366.28, Shipped   ,      4,       10,    2004,               6,              27,     87.64, S32_1268   , Canadian Gift Exchange Network
      10324, 11/5/2004 0:00 ,  1963.6 , Shipped   ,      4,       11,    2004,              11,              20,     98.18, S32_1268   , Vitachrome Inc.
      10335, 11/19/2004 0:00,  4746.28, Shipped   ,      4,       11,    2004,               1,              44,    100.0 , S32_1268   , Mini Gifts Distributors Ltd.
      10371, 1/23/2005 0:00 ,  4044.04, Shipped   ,      1,        1,    2005,               1,              26,    100.0 , S32_1268   , Mini Gifts Distributors Ltd.
      10382, 2/17/2005 0:00 ,  2708.42, Shipped   ,      1,        2,    2005,               6,              26,    100.0 , S32_1268   , Mini Gifts Distributors Ltd.
      10411, 5/1/2005 0:00  ,  2904.72, Shipped   ,      2,        5,    2005,               1,              26,    100.0 , S32_1268   , Quebec Home Shopping Network
      10107, 2/24/2003 0:00 ,  1858.0 , Shipped   ,      1,        2,    2003,               8,              20,     92.9 , S32_1374   , Land of Toys Inc.
      10145, 8/25/2003 0:00 ,  3098.7 , Shipped   ,      3,        8,    2003,              12,              33,     93.9 , S32_1374   , Toys4GrownUps.com
      10168, 10/28/2003 0:00,  3244.36, Shipped   ,      4,       10,    2003,               7,              28,    100.0 , S32_1374   , Technics Stores Inc.
      10250, 5/11/2004 0:00 ,  3282.28, Shipped   ,      2,        5,    2004,               2,              31,    100.0 , S32_1374   , The Sharp Gifts Warehouse
      10263, 6/28/2004 0:00 ,  2477.21, Shipped   ,      2,        6,    2004,               8,              31,     79.91, S32_1374   , Gift Depot Inc.
      10285, 8/27/2004 0:00 ,  3658.93, Shipped   ,      3,        8,    2004,              12,              37,     98.89, S32_1374   , Marta's Replicas Co.
      10308, 10/15/2004 0:00,  1917.84, Shipped   ,      4,       10,    2004,               5,              24,     79.91, S32_1374   , Mini Classics
      10318, 11/2/2004 0:00 ,  5305.36, Shipped   ,      4,       11,    2004,               7,              47,    100.0 , S32_1374   , Diecast Classics Inc.
      10329, 11/15/2004 0:00,  2875.95, Shipped   ,      4,       11,    2004,              11,              45,     63.91, S32_1374   , Land of Toys Inc.
      10353, 12/4/2004 0:00 ,  3733.82, Shipped   ,      4,       12,    2004,               5,              46,     81.17, S32_1374   , Gift Ideas Corp.
      10401, 4/3/2005 0:00  ,  4992.61, On Hold   ,      2,        4,    2005,               1,              49,    100.0 , S32_1374   , Tekni Collectables Inc.
      10416, 5/10/2005 0:00 ,  4764.6 , Shipped   ,      2,        5,    2005,               2,              45,    100.0 , S32_1374   , L'ordine Souveniers
      10108, 3/3/2003 0:00  ,  1173.15, Shipped   ,      1,        3,    2003,              13,              27,     43.45, S32_2206   , Cruz & Sons Co.
      10135, 7/2/2003 0:00  ,  1327.59, Shipped   ,      3,        7,    2003,              14,              33,     40.23, S32_2206   , Mini Gifts Distributors Ltd.
      10145, 8/25/2003 0:00 ,  1109.8 , Shipped   ,      3,        8,    2003,               1,              31,     35.8 , S32_2206   , Toys4GrownUps.com
      10159, 10/10/2003 0:00,  1239.0 , Shipped   ,      4,       10,    2003,               9,              35,     35.4 , S32_2206   , Corporate Gift Ideas Co.
      10237, 4/5/2004 0:00  ,  1045.98, Shipped   ,      2,        4,    2004,               2,              26,     40.23, S32_2206   , Vitachrome Inc.
      10264, 6/30/2004 0:00 ,   651.8 , Shipped   ,      2,        6,    2004,               4,              20,     32.59, S32_2206   , Gifts4AllAges.com
      10276, 8/2/2004 0:00  ,   988.47, Shipped   ,      3,        8,    2004,              10,              27,     36.61, S32_2206   , Online Mini Collectables
      10285, 8/27/2004 0:00 ,  1518.11, Shipped   ,      3,        8,    2004,               1,              37,     41.03, S32_2206   , Marta's Replicas Co.
      10319, 11/3/2004 0:00 ,  1108.38, Shipped   ,      4,       11,    2004,               5,              29,     38.22, S32_2206   , Microscale Inc.
      10331, 11/17/2004 0:00,  4102.56, Shipped   ,      4,       11,    2004,               3,              28,    100.0 , S32_2206   , Motor Mint Distributors Inc.
      10343, 11/24/2004 0:00,  3713.16, Shipped   ,      4,       11,    2004,               5,              29,    100.0 , S32_2206   , Reims Collectables
      10390, 3/4/2005 0:00  ,  1826.96, Shipped   ,      1,        3,    2005,              11,              41,     44.56, S32_2206   , Mini Gifts Distributors Ltd.
      10127, 6/3/2003 0:00  ,  2337.75, Shipped   ,      2,        6,    2003,              13,              45,     51.95, S32_2509   , Muscle Machine Inc
      10195, 11/25/2003 0:00,  1385.28, Shipped   ,      4,       11,    2003,               8,              32,     43.29, S32_2509   , Mini Classics
      10207, 12/9/2003 0:00 ,  1621.62, Shipped   ,      4,       12,    2003,               9,              27,     60.06, S32_2509   , Diecast Collectables
      10219, 2/10/2004 0:00 ,  1931.65, Shipped   ,      1,        2,    2004,               4,              35,     55.19, S32_2509   , Signal Collectibles Ltd.
      10229, 3/11/2004 0:00 ,  1244.53, Shipped   ,      1,        3,    2004,               3,              23,     54.11, S32_2509   , Mini Gifts Distributors Ltd.
      10259, 6/15/2004 0:00 ,  1753.2 , Shipped   ,      2,        6,    2004,               6,              40,     43.83, S32_2509   , Handji Gifts& Co
      10271, 7/20/2004 0:00 ,  1666.7 , Shipped   ,      3,        7,    2004,               7,              35,     47.62, S32_2509   , Mini Gifts Distributors Ltd.
      10281, 8/19/2004 0:00 ,  1710.89, Shipped   ,      3,        8,    2004,               3,              31,     55.19, S32_2509   , Diecast Classics Inc.
      10292, 9/8/2004 0:00  ,  2326.5 , Shipped   ,      3,        9,    2004,              10,              50,     46.53, S32_2509   , Land of Toys Inc.
      10305, 10/13/2004 0:00,  2316.0 , Shipped   ,      4,       10,    2004,               7,              40,     57.9 , S32_2509   , Marta's Replicas Co.
      10313, 10/22/2004 0:00,  1727.1 , Shipped   ,      4,       10,    2004,               1,              38,     45.45, S32_2509   , Canadian Gift Exchange Network
      10325, 11/5/2004 0:00 ,  8844.12, Shipped   ,      4,       11,    2004,               3,              38,    100.0 , S32_2509   , Baane Mini Imports
      10335, 11/19/2004 0:00,  2424.0 , Shipped   ,      4,       11,    2004,               3,              40,     60.6 , S32_2509   , Mini Gifts Distributors Ltd.
      10349, 12/1/2004 0:00 ,  1535.49, Shipped   ,      4,       12,    2004,               1,              33,     46.53, S32_2509   , Muscle Machine Inc
      10359, 12/15/2004 0:00,  6358.68, Shipped   ,      4,       12,    2004,               3,              36,    100.0 , S32_2509   , Reims Collectables
      10371, 1/23/2005 0:00 ,  1329.4 , Shipped   ,      1,        1,    2005,               2,              20,     66.47, S32_2509   , Mini Gifts Distributors Ltd.
      10127, 6/3/2003 0:00  ,  2054.36, Shipped   ,      2,        6,    2003,               6,              29,     70.84, S32_3207   , Muscle Machine Inc
      10142, 8/8/2003 0:00  ,  3131.94, Shipped   ,      3,        8,    2003,              16,              42,     74.57, S32_3207   , Mini Gifts Distributors Ltd.
      10176, 11/6/2003 0:00 ,  1408.0 , Shipped   ,      4,       11,    2003,               6,              22,     64.0 , S32_3207   , L'ordine Souveniers
      10195, 11/25/2003 0:00,  1804.44, Shipped   ,      4,       11,    2003,               1,              33,     54.68, S32_3207   , Mini Classics
      10207, 12/9/2003 0:00 ,  2544.75, Shipped   ,      4,       12,    2003,               2,              45,     56.55, S32_3207   , Diecast Collectables
      10272, 7/20/2004 0:00 ,  2908.35, Shipped   ,      3,        7,    2004,               6,              45,     64.63, S32_3207   , Diecast Classics Inc.
      10282, 8/20/2004 0:00 ,  2147.4 , Shipped   ,      3,        8,    2004,               9,              36,     59.65, S32_3207   , Mini Gifts Distributors Ltd.
      10292, 9/8/2004 0:00  ,  2099.63, Shipped   ,      3,        9,    2004,               3,              31,     67.73, S32_3207   , Land of Toys Inc.
      10314, 10/22/2004 0:00,  2327.15, Shipped   ,      4,       10,    2004,               9,              35,     66.49, S32_3207   , Heintze Collectables
      10325, 11/5/2004 0:00 ,  5377.4 , Shipped   ,      4,       11,    2004,               2,              28,    100.0 , S32_3207   , Baane Mini Imports
      10359, 12/15/2004 0:00,  4301.22, Shipped   ,      4,       12,    2004,               1,              22,    100.0 , S32_3207   , Reims Collectables
      10371, 1/23/2005 0:00 ,  2986.5 , Shipped   ,      1,        1,    2005,              11,              30,     99.55, S32_3207   , Mini Gifts Distributors Ltd.
      10413, 5/5/2005 0:00  ,  1193.04, Shipped   ,      2,        5,    2005,               6,              24,     49.71, S32_3207   , Gift Depot Inc.
      10103, 1/29/2003 0:00 ,  3403.35, Shipped   ,      1,        1,    2003,               7,              45,     75.63, S32_3522   , Baane Mini Imports
      10113, 3/26/2003 0:00 ,  1575.96, Shipped   ,      1,        3,    2003,               1,              23,     68.52, S32_3522   , Mini Gifts Distributors Ltd.
      10140, 7/24/2003 0:00 ,  1701.28, Shipped   ,      3,        7,    2003,               7,              28,     60.76, S32_3522   , Technics Stores Inc.
      10164, 10/21/2003 0:00,  2692.06, Resolved  ,      4,       10,    2003,               5,              49,     54.94, S32_3522   , Mini Auto Werke
      10206, 12/5/2003 0:00 ,  2117.52, Shipped   ,      4,       12,    2003,               2,              36,     58.82, S32_3522   , Canadian Gift Exchange Network
      10217, 2/4/2004 0:00  ,  2419.95, Shipped   ,      1,        2,    2004,               7,              39,     62.05, S32_3522   , Handji Gifts& Co
      10229, 3/11/2004 0:00 ,  2191.2 , Shipped   ,      1,        3,    2004,              12,              30,     73.04, S32_3522   , Mini Gifts Distributors Ltd.
      10245, 5/4/2004 0:00  ,  3043.04, Shipped   ,      2,        5,    2004,               5,              44,     69.16, S32_3522   , Super Scale Inc.
      10281, 8/19/2004 0:00 ,  2792.52, Shipped   ,      3,        8,    2004,              12,              36,     77.57, S32_3522   , Diecast Classics Inc.
      10291, 9/8/2004 0:00  ,  2296.0 , Shipped   ,      3,        9,    2004,               7,              32,     71.75, S32_3522   , Scandinavian Gift Ideas
      10313, 10/22/2004 0:00,  1912.16, Shipped   ,      4,       10,    2004,              10,              34,     56.24, S32_3522   , Canadian Gift Exchange Network
      10324, 11/5/2004 0:00 ,  8209.44, Shipped   ,      4,       11,    2004,               4,              48,    100.0 , S32_3522   , Vitachrome Inc.
      10333, 11/18/2004 0:00,  2431.77, Shipped   ,      4,       11,    2004,               4,              33,     73.69, S32_3522   , Mini Wheels Co.
      10382, 2/17/2005 0:00 ,  6799.68, Shipped   ,      1,        2,    2005,               8,              48,    100.0 , S32_3522   , Mini Gifts Distributors Ltd.
      10411, 5/1/2005 0:00  ,  1867.32, Shipped   ,      2,        5,    2005,               5,              27,     69.16, S32_3522   , Quebec Home Shopping Network
      10106, 2/17/2003 0:00 ,  2406.36, Shipped   ,      1,        2,    2003,               5,              33,     72.92, S32_4289   , Rovelli Gifts
      10168, 10/28/2003 0:00,  2281.91, Shipped   ,      4,       10,    2003,              12,              31,     73.61, S32_4289   , Technics Stores Inc.
      10250, 5/11/2004 0:00 ,  3061.0 , Shipped   ,      2,        5,    2004,               7,              50,     61.22, S32_4289   , The Sharp Gifts Warehouse
      10308, 10/15/2004 0:00,  3037.84, Shipped   ,      4,       10,    2004,              10,              46,     66.04, S32_4289   , Mini Classics
      10316, 11/1/2004 0:00 ,  1419.84, Shipped   ,      4,       11,    2004,               2,              24,     59.16, S32_4289   , giftsbymail.co.uk
      10328, 11/12/2004 0:00,  1948.08, Shipped   ,      4,       11,    2004,               5,              24,     81.17, S32_4289   , Rovelli Gifts
      10353, 12/4/2004 0:00 ,  1780.4 , Shipped   ,      4,       12,    2004,               7,              40,     44.51, S32_4289   , Gift Ideas Corp.
      10388, 3/3/2005 0:00  ,  3918.95, Shipped   ,      1,        3,    2005,               8,              35,    100.0 , S32_4289   , FunGiftIdeas.com
      10398, 3/30/2005 0:00 ,  1483.02, Shipped   ,      1,        3,    2005,               4,              22,     67.41, S32_4289   , Reims Collectables
      10401, 4/3/2005 0:00  ,  4819.26, On Hold   ,      2,        4,    2005,               6,              62,     77.73, S32_4289   , Tekni Collectables Inc.
      10416, 5/10/2005 0:00 ,  1591.72, Shipped   ,      2,        5,    2005,               7,              26,     61.22, S32_4289   , L'ordine Souveniers
      10108, 3/3/2003 0:00  ,  3669.78, Shipped   ,      1,        3,    2003,              16,              31,    100.0 , S32_4485   , Cruz & Sons Co.
      10121, 5/7/2003 0:00  ,  2168.5 , Shipped   ,      2,        5,    2003,               3,              25,     86.74, S32_4485   , Reims Collectables
      10135, 7/2/2003 0:00  ,  2694.0 , Shipped   ,      3,        7,    2003,              17,              30,     89.8 , S32_4485   , Mini Gifts Distributors Ltd.
      10145, 8/25/2003 0:00 ,  3251.34, Shipped   ,      3,        8,    2003,               4,              27,    100.0 , S32_4485   , Toys4GrownUps.com
      10159, 10/10/2003 0:00,  2347.15, Shipped   ,      4,       10,    2003,              12,              23,    100.0 , S32_4485   , Corporate Gift Ideas Co.
      10237, 4/5/2004 0:00  ,  3113.64, Shipped   ,      2,        4,    2004,               5,              27,    100.0 , S32_4485   , Vitachrome Inc.
      10264, 6/30/2004 0:00 ,  3330.98, Shipped   ,      2,        6,    2004,               7,              34,     97.97, S32_4485   , Gifts4AllAges.com
      10276, 8/2/2004 0:00  ,  4304.64, Shipped   ,      3,        8,    2004,              13,              38,    100.0 , S32_4485   , Online Mini Collectables
      10285, 8/27/2004 0:00 ,  2600.26, Shipped   ,      3,        8,    2004,               4,              26,    100.0 , S32_4485   , Marta's Replicas Co.
      10309, 10/15/2004 0:00,  4235.0 , Shipped   ,      4,       10,    2004,               3,              50,     84.7 , S32_4485   , Baane Mini Imports
      10319, 11/3/2004 0:00 ,  2626.8 , Shipped   ,      4,       11,    2004,               8,              22,    100.0 , S32_4485   , Microscale Inc.
      10331, 11/17/2004 0:00,  5026.56, Shipped   ,      4,       11,    2004,               4,              32,    100.0 , S32_4485   , Motor Mint Distributors Inc.
      10341, 11/24/2004 0:00,  2201.62, Shipped   ,      4,       11,    2004,               4,              31,     71.02, S32_4485   , Salzburg Collectables
      10365, 1/7/2005 0:00  ,  3425.18, Shipped   ,      1,        1,    2005,               3,              22,    100.0 , S32_4485   , Mini Creations Ltd.
      10390, 3/4/2005 0:00  ,  2204.1 , Shipped   ,      1,        3,    2005,              12,              45,     48.98, S32_4485   , Mini Gifts Distributors Ltd.
      10106, 2/17/2003 0:00 ,  1565.85, Shipped   ,      1,        2,    2003,               6,              39,     40.15, S50_1341   , Rovelli Gifts
      10143, 8/10/2003 0:00 ,  1246.44, Shipped   ,      3,        8,    2003,               1,              34,     36.66, S50_1341   , Mini Creations Ltd.
      10168, 10/28/2003 0:00,  2492.64, Shipped   ,      4,       10,    2003,              13,              48,     51.93, S50_1341   , Technics Stores Inc.
      10199, 12/1/2003 0:00 ,  1113.6 , Shipped   ,      4,       12,    2003,               1,              29,     38.4 , S50_1341   , West Coast Collectables Co.
      10250, 5/11/2004 0:00 ,  1869.48, Shipped   ,      2,        5,    2004,               8,              36,     51.93, S50_1341   , The Sharp Gifts Warehouse
      10308, 10/15/2004 0:00,  2051.08, Shipped   ,      4,       10,    2004,              11,              47,     43.64, S50_1341   , Mini Classics
      10316, 11/1/2004 0:00 ,  1617.38, Shipped   ,      4,       11,    2004,               3,              34,     47.57, S50_1341   , giftsbymail.co.uk
      10328, 11/12/2004 0:00,  1765.62, Shipped   ,      4,       11,    2004,               7,              34,     51.93, S50_1341   , Rovelli Gifts
      10353, 12/4/2004 0:00 ,  3288.4 , Shipped   ,      4,       12,    2004,               8,              40,     82.21, S50_1341   , Gift Ideas Corp.
      10388, 3/3/2005 0:00  ,  3211.38, Shipped   ,      1,        3,    2005,               1,              27,    100.0 , S50_1341   , FunGiftIdeas.com
      10398, 3/30/2005 0:00 ,  1796.34, Shipped   ,      1,        3,    2005,               5,              49,     36.66, S50_1341   , Reims Collectables
      10401, 4/3/2005 0:00  ,  1979.6 , On Hold   ,      2,        4,    2005,               7,              56,     35.35, S50_1341   , Tekni Collectables Inc.
      10416, 5/10/2005 0:00 ,  1921.41, Shipped   ,      2,        5,    2005,               8,              37,     51.93, S50_1341   , L'ordine Souveniers
      10115, 4/4/2003 0:00  ,  2843.91, Shipped   ,      2,        4,    2003,               3,              27,    100.0 , S50_1392   , Classic Legends Inc.
      10127, 6/3/2003 0:00  ,  6176.42, Shipped   ,      2,        6,    2003,               9,              46,    100.0 , S50_1392   , Muscle Machine Inc
      10176, 11/6/2003 0:00 ,  3114.89, Shipped   ,      4,       11,    2003,               9,              23,    100.0 , S50_1392   , L'ordine Souveniers
      10195, 11/25/2003 0:00,  5161.17, Shipped   ,      4,       11,    2003,               4,              49,    100.0 , S50_1392   , Mini Classics
      10207, 12/9/2003 0:00 ,  2657.76, Shipped   ,      4,       12,    2003,               5,              28,     94.92, S50_1392   , Diecast Collectables
      10259, 6/15/2004 0:00 ,  3054.57, Shipped   ,      2,        6,    2004,               2,              29,    100.0 , S50_1392   , Handji Gifts& Co
      10271, 7/20/2004 0:00 ,  3345.26, Shipped   ,      3,        7,    2004,               3,              34,     98.39, S50_1392   , Mini Gifts Distributors Ltd.
      10282, 8/20/2004 0:00 ,  4310.72, Shipped   ,      3,        8,    2004,              12,              38,    100.0 , S50_1392   , Mini Gifts Distributors Ltd.
      10292, 9/8/2004 0:00  ,  4983.14, Shipped   ,      3,        9,    2004,               6,              41,    100.0 , S50_1392   , Land of Toys Inc.
      10305, 10/13/2004 0:00,  4618.32, Shipped   ,      4,       10,    2004,               3,              42,    100.0 , S50_1392   , Marta's Replicas Co.
      10314, 10/22/2004 0:00,  3403.12, Shipped   ,      4,       10,    2004,              12,              28,    100.0 , S50_1392   , Heintze Collectables
      10325, 11/5/2004 0:00 ,  5190.42, Shipped   ,      4,       11,    2004,               4,              38,    100.0 , S50_1392   , Baane Mini Imports
      10359, 12/15/2004 0:00,  4896.7 , Shipped   ,      4,       12,    2004,               2,              46,    100.0 , S50_1392   , Reims Collectables
      10371, 1/23/2005 0:00 ,  2714.4 , Shipped   ,      1,        1,    2005,              10,              48,     56.55, S50_1392   , Mini Gifts Distributors Ltd.
      10395, 3/17/2005 0:00 ,  5692.96, Shipped   ,      1,        3,    2005,               4,              46,    100.0 , S50_1392   , Lyon Souveniers
      10127, 6/3/2003 0:00  ,  3179.52, Shipped   ,      2,        6,    2003,               4,              46,     69.12, S50_1514   , Muscle Machine Inc
      10142, 8/8/2003 0:00  ,  2091.18, Shipped   ,      3,        8,    2003,              14,              42,     49.79, S50_1514   , Mini Gifts Distributors Ltd.
      10176, 11/6/2003 0:00 ,  2448.72, Shipped   ,      4,       11,    2003,               4,              38,     64.44, S50_1514   , L'ordine Souveniers
      10185, 11/14/2003 0:00,   972.4 , Shipped   ,      4,       11,    2003,              15,              20,     48.62, S50_1514   , Mini Creations Ltd.
      10196, 11/26/2003 0:00,  2856.14, Shipped   ,      4,       11,    2003,               7,              46,     62.09, S50_1514   , Super Scale Inc.
      10272, 7/20/2004 0:00 ,  2443.26, Shipped   ,      3,        7,    2004,               4,              43,     56.82, S50_1514   , Diecast Classics Inc.
      10282, 8/20/2004 0:00 ,  2470.86, Shipped   ,      3,        8,    2004,               7,              37,     66.78, S50_1514   , Mini Gifts Distributors Ltd.
      10292, 9/8/2004 0:00  ,  1927.45, Shipped   ,      3,        9,    2004,               1,              35,     55.07, S50_1514   , Land of Toys Inc.
      10314, 10/22/2004 0:00,  2337.38, Shipped   ,      4,       10,    2004,               7,              38,     61.51, S50_1514   , Heintze Collectables
      10325, 11/5/2004 0:00 ,  5932.96, Shipped   ,      4,       11,    2004,               7,              44,    100.0 , S50_1514   , Baane Mini Imports
      10337, 11/21/2004 0:00,  2296.77, Shipped   ,      4,       11,    2004,               6,              21,    100.0 , S50_1514   , Classic Legends Inc.
      10359, 12/15/2004 0:00,  1623.25, Shipped   ,      4,       12,    2004,               4,              25,     64.93, S50_1514   , Reims Collectables
      10395, 3/17/2005 0:00 ,  8977.05, Shipped   ,      1,        3,    2005,               3,              45,    100.0 , S50_1514   , Lyon Souveniers
      10413, 5/5/2005 0:00  ,  3256.35, Shipped   ,      2,        5,    2005,               4,              51,     63.85, S50_1514   , Gift Depot Inc.
      10108, 3/3/2003 0:00  ,  2821.66, Shipped   ,      1,        3,    2003,              14,              34,     82.99, S50_4713   , Cruz & Sons Co.
      10121, 5/7/2003 0:00  ,  3293.4 , Shipped   ,      2,        5,    2003,               1,              44,     74.85, S50_4713   , Reims Collectables
      10135, 7/2/2003 0:00  ,  4224.0 , Shipped   ,      3,        7,    2003,              15,              44,     96.0 , S50_4713   , Mini Gifts Distributors Ltd.
      10145, 8/25/2003 0:00 ,  3091.68, Shipped   ,      3,        8,    2003,               2,              38,     81.36, S50_4713   , Toys4GrownUps.com
      10159, 10/10/2003 0:00,  2219.6 , Shipped   ,      4,       10,    2003,              10,              31,     71.6 , S50_4713   , Corporate Gift Ideas Co.
      10237, 4/5/2004 0:00  ,  1366.8 , Shipped   ,      2,        4,    2004,               3,              20,     68.34, S50_4713   , Vitachrome Inc.
      10264, 6/30/2004 0:00 ,  4206.5 , Shipped   ,      2,        6,    2004,               5,              47,     89.5 , S50_4713   , Gifts4AllAges.com
      10276, 8/2/2004 0:00  ,  1486.38, Shipped   ,      3,        8,    2004,              11,              21,     70.78, S50_4713   , Online Mini Collectables
      10285, 8/27/2004 0:00 ,  3077.88, Shipped   ,      3,        8,    2004,               2,              39,     78.92, S50_4713   , Marta's Replicas Co.
      10309, 10/15/2004 0:00,  2483.04, Shipped   ,      4,       10,    2004,               1,              28,     88.68, S50_4713   , Baane Mini Imports
      10319, 11/3/2004 0:00 ,  3478.05, Shipped   ,      4,       11,    2004,               6,              45,     77.29, S50_4713   , Microscale Inc.
      10331, 11/17/2004 0:00,  3657.8 , Shipped   ,      4,       11,    2004,               5,              20,    100.0 , S50_4713   , Motor Mint Distributors Inc.
      10341, 11/24/2004 0:00,  4682.36, Shipped   ,      4,       11,    2004,               3,              38,    100.0 , S50_4713   , Salzburg Collectables
      10356, 12/9/2004 0:00 ,  3937.7 , Shipped   ,      4,       12,    2004,               4,              26,    100.0 , S50_4713   , Lyon Souveniers
      10365, 1/7/2005 0:00  ,  4984.32, Shipped   ,      1,        1,    2005,               2,              44,    100.0 , S50_4713   , Mini Creations Ltd.
      10390, 3/4/2005 0:00  ,  3491.18, Shipped   ,      1,        3,    2005,              13,              22,    100.0 , S50_4713   , Mini Gifts Distributors Ltd.
      10105, 2/11/2003 0:00 ,  2897.47, Shipped   ,      1,        2,    2003,               5,              41,     70.67, S700_1138  , Danish Wholesale Imports
      10119, 4/28/2003 0:00 ,  1916.75, Shipped   ,      2,        4,    2003,              14,              25,     76.67, S700_1138  , Salzburg Collectables
      10142, 8/8/2003 0:00  ,  2624.0 , Shipped   ,      3,        8,    2003,               2,              41,     64.0 , S700_1138  , Mini Gifts Distributors Ltd.
      10167, 10/23/2003 0:00,  3239.62, Cancelled ,      4,       10,    2003,              12,              43,     75.34, S700_1138  , Scandinavian Gift Ideas
      10185, 11/14/2003 0:00,  1134.0 , Shipped   ,      4,       11,    2003,               3,              21,     54.0 , S700_1138  , Mini Creations Ltd.
      10222, 2/19/2004 0:00 ,  1942.77, Shipped   ,      1,        2,    2004,              15,              31,     62.67, S700_1138  , Collectable Mini Designs Co.
      10233, 3/29/2004 0:00 ,  2544.12, Shipped   ,      1,        3,    2004,               3,              36,     70.67, S700_1138  , Tekni Collectables Inc.
      10248, 5/7/2004 0:00  ,  2568.24, Cancelled ,      2,        5,    2004,               6,              36,     71.34, S700_1138  , Land of Toys Inc.
      10261, 6/17/2004 0:00 ,  2108.0 , Shipped   ,      2,        6,    2004,               4,              34,     62.0 , S700_1138  , Quebec Home Shopping Network
      10273, 7/21/2004 0:00 ,  1372.14, Shipped   ,      3,        7,    2004,               7,              21,     65.34, S700_1138  , Petit Auto
      10295, 9/10/2004 0:00 ,  1958.84, Shipped   ,      3,        9,    2004,               4,              26,     75.34, S700_1138  , Gifts4AllAges.com
      10385, 2/28/2005 0:00 ,  1933.5 , Shipped   ,      1,        2,    2005,               1,              25,     77.34, S700_1138  , Mini Gifts Distributors Ltd.
      10396, 3/23/2005 0:00 ,  2600.13, Shipped   ,      1,        3,    2005,               1,              39,     66.67, S700_1138  , Mini Gifts Distributors Ltd.
      10414, 5/6/2005 0:00  ,  2639.58, On Hold   ,      2,        5,    2005,               6,              37,     71.34, S700_1138  , Gifts4AllAges.com
      10106, 2/17/2003 0:00 ,  3312.97, Shipped   ,      1,        2,    2003,               7,              31,    100.0 , S700_1691  , Rovelli Gifts
      10143, 8/10/2003 0:00 ,  3945.96, Shipped   ,      3,        8,    2003,               2,              36,    100.0 , S700_1691  , Mini Creations Ltd.
      10168, 10/28/2003 0:00,  2762.2 , Shipped   ,      4,       10,    2003,              14,              28,     98.65, S700_1691  , Technics Stores Inc.
      10199, 12/1/2003 0:00 ,  3989.76, Shipped   ,      4,       12,    2003,               2,              48,     83.12, S700_1691  , West Coast Collectables Co.
      10250, 5/11/2004 0:00 ,  2831.54, Shipped   ,      2,        5,    2004,               9,              31,     91.34, S700_1691  , The Sharp Gifts Warehouse
      10308, 10/15/2004 0:00,  2224.95, Shipped   ,      4,       10,    2004,              12,              21,    100.0 , S700_1691  , Mini Classics
      10316, 11/1/2004 0:00 ,  2795.14, Shipped   ,      4,       11,    2004,               4,              34,     82.21, S700_1691  , giftsbymail.co.uk
      10328, 11/12/2004 0:00,  2762.1 , Shipped   ,      4,       11,    2004,               8,              27,    100.0 , S700_1691  , Rovelli Gifts
      10353, 12/4/2004 0:00 ,  5043.87, Shipped   ,      4,       12,    2004,               9,              39,    100.0 , S700_1691  , Gift Ideas Corp.
      10388, 3/3/2005 0:00  , 10066.6 , Shipped   ,      1,        3,    2005,               2,              46,    100.0 , S700_1691  , FunGiftIdeas.com
      10398, 3/30/2005 0:00 ,  4121.43, Shipped   ,      1,        3,    2005,               6,              47,     87.69, S700_1691  , Reims Collectables
      10401, 4/3/2005 0:00  ,  1135.31, On Hold   ,      2,        4,    2005,               8,              11,    100.0 , S700_1691  , Tekni Collectables Inc.
      10416, 5/10/2005 0:00 ,  2100.82, Shipped   ,      2,        5,    2005,               9,              23,     91.34, S700_1691  , L'ordine Souveniers
      10105, 2/11/2003 0:00 ,  2034.35, Shipped   ,      1,        2,    2003,              12,              29,     70.15, S700_1938  , Danish Wholesale Imports
      10142, 8/8/2003 0:00  ,  3612.43, Shipped   ,      3,        8,    2003,               9,              43,     84.01, S700_1938  , Mini Gifts Distributors Ltd.
      10166, 10/21/2003 0:00,  3013.97, Shipped   ,      4,       10,    2003,               3,              29,    100.0 , S700_1938  , FunGiftIdeas.com
      10185, 11/14/2003 0:00,  2832.0 , Shipped   ,      4,       11,    2003,              10,              30,     94.4 , S700_1938  , Mini Creations Ltd.
      10196, 11/26/2003 0:00,  4720.0 , Shipped   ,      4,       11,    2003,               2,              50,     94.4 , S700_1938  , Super Scale Inc.
      10221, 2/18/2004 0:00 ,  2231.0 , Shipped   ,      1,        2,    2004,               4,              23,     97.0 , S700_1938  , Petit Auto
      10232, 3/20/2004 0:00 ,  2296.84, Shipped   ,      1,        3,    2004,               7,              26,     88.34, S700_1938  , giftsbymail.co.uk
      10248, 5/7/2004 0:00  ,  4157.2 , Cancelled ,      2,        5,    2004,              13,              40,    100.0 , S700_1938  , Land of Toys Inc.
      10273, 7/21/2004 0:00 ,  2146.2 , Shipped   ,      3,        7,    2004,              14,              21,    100.0 , S700_1938  , Petit Auto
      10282, 8/20/2004 0:00 ,  3724.23, Shipped   ,      3,        8,    2004,               2,              43,     86.61, S700_1938  , Mini Gifts Distributors Ltd.
      10293, 9/9/2004 0:00  ,  2084.81, Shipped   ,      3,        9,    2004,               5,              29,     71.89, S700_1938  , Amica Models & Co.
      10314, 10/22/2004 0:00,  1753.06, Shipped   ,      4,       10,    2004,               2,              23,     76.22, S700_1938  , Heintze Collectables
      10327, 11/10/2004 0:00,  3469.2 , Resolved  ,      4,       11,    2004,               7,              20,    100.0 , S700_1938  , Danish Wholesale Imports
      10337, 11/21/2004 0:00,  2530.8 , Shipped   ,      4,       11,    2004,               9,              36,     70.3 , S700_1938  , Classic Legends Inc.
      10384, 2/23/2005 0:00 ,  6397.44, Shipped   ,      1,        2,    2005,               1,              49,    100.0 , S700_1938  , Corporate Gift Ideas Co.
      10397, 3/28/2005 0:00 ,  2577.6 , Shipped   ,      1,        3,    2005,               5,              32,     80.55, S700_1938  , Alpha Cognac
      10414, 5/6/2005 0:00  ,  3533.62, On Hold   ,      2,        5,    2005,              13,              34,    100.0 , S700_1938  , Gifts4AllAges.com
      10106, 2/17/2003 0:00 ,  3177.3 , Shipped   ,      1,        2,    2003,              16,              30,    100.0 , S700_2047  , Rovelli Gifts
      10119, 4/28/2003 0:00 ,  2730.06, Shipped   ,      2,        4,    2003,               7,              29,     94.14, S700_2047  , Salzburg Collectables
      10131, 6/16/2003 0:00 ,  1891.78, Shipped   ,      2,        6,    2003,               8,              22,     85.99, S700_2047  , Gift Ideas Corp.
      10143, 8/10/2003 0:00 ,  2612.48, Shipped   ,      3,        8,    2003,              11,              26,    100.0 , S700_2047  , Mini Creations Ltd.
      10167, 10/23/2003 0:00,  2940.02, Cancelled ,      4,       10,    2003,               5,              29,    100.0 , S700_2047  , Scandinavian Gift Ideas
      10178, 11/8/2003 0:00 ,  3293.24, Shipped   ,      4,       11,    2003,               8,              34,     96.86, S700_2047  , Alpha Cognac
      10222, 2/19/2004 0:00 ,  2659.54, Shipped   ,      1,        2,    2004,               8,              26,    100.0 , S700_2047  , Collectable Mini Designs Co.
      10249, 5/8/2004 0:00  ,  3838.0 , Shipped   ,      2,        5,    2004,               4,              40,     95.95, S700_2047  , Cambridge Collectables Co.
      10274, 7/21/2004 0:00 ,  2172.48, Shipped   ,      3,        7,    2004,               5,              24,     90.52, S700_2047  , Collectables For Less Inc.
      10316, 11/1/2004 0:00 ,  4195.8 , Shipped   ,      4,       11,    2004,              13,              45,     93.24, S700_2047  , giftsbymail.co.uk
      10328, 11/12/2004 0:00,  4156.58, Shipped   ,      4,       11,    2004,               9,              41,    100.0 , S700_2047  , Rovelli Gifts
      10352, 12/3/2004 0:00 ,  2352.67, Shipped   ,      4,       12,    2004,               3,              23,    100.0 , S700_2047  , Auto-Moto Classics Inc.
      10398, 3/30/2005 0:00 ,  3910.32, Shipped   ,      1,        3,    2005,               7,              36,    100.0 , S700_2047  , Reims Collectables
      10400, 4/1/2005 0:00  ,  4038.8 , Shipped   ,      2,        4,    2005,               5,              46,     87.8 , S700_2047  , The Sharp Gifts Warehouse
      10106, 2/17/2003 0:00 ,  3763.46, Shipped   ,      1,        2,    2003,               9,              34,    100.0 , S700_2466  , Rovelli Gifts
      10131, 6/16/2003 0:00 ,  4427.6 , Shipped   ,      2,        6,    2003,               1,              40,    100.0 , S700_2466  , Gift Ideas Corp.
      10143, 8/10/2003 0:00 ,  2152.02, Shipped   ,      3,        8,    2003,               4,              26,     82.77, S700_2466  , Mini Creations Ltd.
      10168, 10/28/2003 0:00,  3431.39, Shipped   ,      4,       10,    2003,              16,              31,    100.0 , S700_2466  , Technics Stores Inc.
      10178, 11/8/2003 0:00 ,  1930.5 , Shipped   ,      4,       11,    2003,               1,              22,     87.75, S700_2466  , Alpha Cognac
      10198, 11/27/2003 0:00,  4774.56, Shipped   ,      4,       11,    2003,               1,              42,    100.0 , S700_2466  , Cruz & Sons Co.
      10222, 2/19/2004 0:00 ,  3246.75, Shipped   ,      1,        2,    2004,               1,              37,     87.75, S700_2466  , Collectable Mini Designs Co.
      10250, 5/11/2004 0:00 ,  3909.15, Shipped   ,      2,        5,    2004,              11,              35,    100.0 , S700_2466  , The Sharp Gifts Warehouse
      10308, 10/15/2004 0:00,  3106.25, Shipped   ,      4,       10,    2004,              14,              35,     88.75, S700_2466  , Mini Classics
      10316, 11/1/2004 0:00 ,  2706.41, Shipped   ,      4,       11,    2004,               6,              23,    100.0 , S700_2466  , giftsbymail.co.uk
      10328, 11/12/2004 0:00,  4021.53, Shipped   ,      4,       11,    2004,              10,              37,    100.0 , S700_2466  , Rovelli Gifts
      10352, 12/3/2004 0:00 ,  4935.28, Shipped   ,      4,       12,    2004,               2,              49,    100.0 , S700_2466  , Auto-Moto Classics Inc.
      10398, 3/30/2005 0:00 ,  1908.72, Shipped   ,      1,        3,    2005,               8,              22,     86.76, S700_2466  , Reims Collectables
      10401, 4/3/2005 0:00  ,  7543.75, On Hold   ,      2,        4,    2005,              10,              85,     88.75, S700_2466  , Tekni Collectables Inc.
      10416, 5/10/2005 0:00 ,  2457.18, Shipped   ,      2,        5,    2005,              11,              22,    100.0 , S700_2466  , L'ordine Souveniers
      10105, 2/11/2003 0:00 ,  2038.87, Shipped   ,      1,        2,    2003,               3,              31,     65.77, S700_2610  , Danish Wholesale Imports
      10119, 4/28/2003 0:00 ,  2499.26, Shipped   ,      2,        4,    2003,              12,              38,     65.77, S700_2610  , Salzburg Collectables
      10143, 8/10/2003 0:00 ,  2643.99, Shipped   ,      3,        8,    2003,              16,              31,     85.29, S700_2610  , Mini Creations Ltd.
      10154, 10/2/2003 0:00 ,  2315.88, Shipped   ,      4,       10,    2003,               1,              36,     64.33, S700_2610  , Boards & Toys Co.
      10167, 10/23/2003 0:00,  3225.06, Cancelled ,      4,       10,    2003,              10,              46,     70.11, S700_2610  , Scandinavian Gift Ideas
      10185, 11/14/2003 0:00,  2254.98, Shipped   ,      4,       11,    2003,               1,              39,     57.82, S700_2610  , Mini Creations Ltd.
      10222, 2/19/2004 0:00 ,  2914.2 , Shipped   ,      1,        2,    2004,              13,              36,     80.95, S700_2610  , Collectable Mini Designs Co.
      10233, 3/29/2004 0:00 ,  2389.6 , Shipped   ,      1,        3,    2004,               1,              29,     82.4 , S700_2610  , Tekni Collectables Inc.
      10248, 5/7/2004 0:00  ,  2428.48, Cancelled ,      2,        5,    2004,               4,              32,     75.89, S700_2610  , Land of Toys Inc.
      10261, 6/17/2004 0:00 ,  3021.48, Shipped   ,      2,        6,    2004,               2,              44,     68.67, S700_2610  , Quebec Home Shopping Network
      10273, 7/21/2004 0:00 ,  2610.72, Shipped   ,      3,        7,    2004,               5,              42,     62.16, S700_2610  , Petit Auto
      10295, 9/10/2004 0:00 ,  2576.2 , Shipped   ,      3,        9,    2004,               2,              44,     58.55, S700_2610  , Gifts4AllAges.com
      10316, 11/1/2004 0:00 ,  3573.6 , Shipped   ,      4,       11,    2004,              18,              48,     74.45, S700_2610  , giftsbymail.co.uk
      10327, 11/10/2004 0:00,  2022.51, Resolved  ,      4,       11,    2004,               1,              21,     96.31, S700_2610  , Danish Wholesale Imports
      10397, 3/28/2005 0:00 ,  1463.0 , Shipped   ,      1,        3,    2005,               4,              22,     66.5 , S700_2610  , Alpha Cognac
      10414, 5/6/2005 0:00  ,  2352.59, On Hold   ,      2,        5,    2005,               4,              31,     75.89, S700_2610  , Gifts4AllAges.com
      10103, 1/29/2003 0:00 ,  4460.82, Shipped   ,      1,        1,    2003,               6,              42,    100.0 , S700_2824  , Baane Mini Imports
      10140, 7/24/2003 0:00 ,  4114.8 , Shipped   ,      3,        7,    2003,               6,              36,    100.0 , S700_2824  , Technics Stores Inc.
      10164, 10/21/2003 0:00,  3195.27, Resolved  ,      4,       10,    2003,               4,              39,     81.93, S700_2824  , Mini Auto Werke
      10206, 12/5/2003 0:00 ,  3871.89, Shipped   ,      4,       12,    2003,               1,              33,    100.0 , S700_2824  , Canadian Gift Exchange Network
      10217, 2/4/2004 0:00  ,  2728.0 , Shipped   ,      1,        2,    2004,               6,              31,     88.0 , S700_2824  , Handji Gifts& Co
      10229, 3/11/2004 0:00 ,  5614.0 , Shipped   ,      1,        3,    2004,              11,              50,    100.0 , S700_2824  , Mini Gifts Distributors Ltd.
      10245, 5/4/2004 0:00  ,  4628.8 , Shipped   ,      2,        5,    2004,               4,              44,    100.0 , S700_2824  , Super Scale Inc.
      10281, 8/19/2004 0:00 ,  2321.46, Shipped   ,      3,        8,    2004,              11,              27,     85.98, S700_2824  , Diecast Classics Inc.
      10291, 9/8/2004 0:00  ,  3256.96, Shipped   ,      3,        9,    2004,               6,              28,    100.0 , S700_2824  , Scandinavian Gift Ideas
      10313, 10/22/2004 0:00,  2973.9 , Shipped   ,      4,       10,    2004,               9,              30,     99.13, S700_2824  , Canadian Gift Exchange Network
      10324, 11/5/2004 0:00 ,  4248.3 , Shipped   ,      4,       11,    2004,               5,              34,    100.0 , S700_2824  , Vitachrome Inc.
      10371, 1/23/2005 0:00 ,  4301.34, Shipped   ,      1,        1,    2005,               3,              34,    100.0 , S700_2824  , Mini Gifts Distributors Ltd.
      10382, 2/17/2005 0:00 ,  1864.56, Shipped   ,      1,        2,    2005,               9,              34,     54.84, S700_2824  , Mini Gifts Distributors Ltd.
      10411, 5/1/2005 0:00  ,  3576.8 , Shipped   ,      2,        5,    2005,               4,              34,    100.0 , S700_2824  , Quebec Home Shopping Network
      10106, 2/17/2003 0:00 ,  3986.56, Shipped   ,      1,        2,    2003,               1,              32,    100.0 , S700_2834  , Rovelli Gifts
      10145, 8/25/2003 0:00 ,  2752.6 , Shipped   ,      3,        8,    2003,              13,              20,    100.0 , S700_2834  , Toys4GrownUps.com
      10168, 10/28/2003 0:00,  4527.72, Shipped   ,      4,       10,    2003,               8,              36,    100.0 , S700_2834  , Technics Stores Inc.
      10250, 5/11/2004 0:00 ,  6055.72, Shipped   ,      2,        5,    2004,               3,              44,    100.0 , S700_2834  , The Sharp Gifts Warehouse
      10263, 6/28/2004 0:00 ,  5465.16, Shipped   ,      2,        6,    2004,               9,              47,    100.0 , S700_2834  , Gift Depot Inc.
      10285, 8/27/2004 0:00 ,  5392.8 , Shipped   ,      3,        8,    2004,              13,              45,    100.0 , S700_2834  , Marta's Replicas Co.
      10308, 10/15/2004 0:00,  4009.23, Shipped   ,      4,       10,    2004,               6,              31,    100.0 , S700_2834  , Mini Classics
      10318, 11/2/2004 0:00 ,  7119.0 , Shipped   ,      4,       11,    2004,               8,              50,    100.0 , S700_2834  , Diecast Classics Inc.
      10328, 11/12/2004 0:00,  4072.2 , Shipped   ,      4,       11,    2004,              11,              33,    100.0 , S700_2834  , Rovelli Gifts
      10353, 12/4/2004 0:00 ,  3302.4 , Shipped   ,      4,       12,    2004,               4,              48,     68.8 , S700_2834  , Gift Ideas Corp.
      10388, 3/3/2005 0:00  ,  7154.5 , Shipped   ,      1,        3,    2005,               3,              50,    100.0 , S700_2834  , FunGiftIdeas.com
      10398, 3/30/2005 0:00 ,  2810.83, Shipped   ,      1,        3,    2005,               9,              23,    100.0 , S700_2834  , Reims Collectables
      10401, 4/3/2005 0:00  ,  2018.31, On Hold   ,      2,        4,    2005,               2,              21,     96.11, S700_2834  , Tekni Collectables Inc.
      10416, 5/10/2005 0:00 ,  5642.83, Shipped   ,      2,        5,    2005,               3,              41,    100.0 , S700_2834  , L'ordine Souveniers
      10106, 2/17/2003 0:00 ,  3273.6 , Shipped   ,      1,        2,    2003,               8,              44,     74.4 , S700_3167  , Rovelli Gifts
      10143, 8/10/2003 0:00 ,  2688.0 , Shipped   ,      3,        8,    2003,               3,              28,     96.0 , S700_3167  , Mini Creations Ltd.
      10168, 10/28/2003 0:00,  4608.0 , Shipped   ,      4,       10,    2003,              15,              48,     96.0 , S700_3167  , Technics Stores Inc.
      10199, 12/1/2003 0:00 ,  3131.2 , Shipped   ,      4,       12,    2003,               3,              38,     82.4 , S700_3167  , West Coast Collectables Co.
      10250, 5/11/2004 0:00 ,  2956.8 , Shipped   ,      2,        5,    2004,              10,              44,     67.2 , S700_3167  , The Sharp Gifts Warehouse
      10308, 10/15/2004 0:00,  1831.2 , Shipped   ,      4,       10,    2004,              13,              21,     87.2 , S700_3167  , Mini Classics
      10316, 11/1/2004 0:00 ,  3609.6 , Shipped   ,      4,       11,    2004,               5,              48,     75.2 , S700_3167  , giftsbymail.co.uk
      10328, 11/12/2004 0:00,  2112.0 , Shipped   ,      4,       11,    2004,              13,              33,     64.0 , S700_3167  , Rovelli Gifts
      10341, 11/24/2004 0:00,  3644.12, Shipped   ,      4,       11,    2004,               5,              34,    100.0 , S700_3167  , Salzburg Collectables
      10353, 12/4/2004 0:00 ,  3523.85, Shipped   ,      4,       12,    2004,               6,              43,     81.95, S700_3167  , Gift Ideas Corp.
      10398, 3/30/2005 0:00 ,  1902.4 , Shipped   ,      1,        3,    2005,              10,              29,     65.6 , S700_3167  , Reims Collectables
      10401, 4/3/2005 0:00  ,  7084.0 , On Hold   ,      2,        4,    2005,               9,              77,     92.0 , S700_3167  , Tekni Collectables Inc.
      10416, 5/10/2005 0:00 ,  2620.8 , Shipped   ,      2,        5,    2005,              10,              39,     67.2 , S700_3167  , L'ordine Souveniers
      10105, 2/11/2003 0:00 ,  3164.46, Shipped   ,      1,        2,    2003,               6,              39,     81.14, S700_3505  , Danish Wholesale Imports
      10142, 8/8/2003 0:00  ,  2334.99, Shipped   ,      3,        8,    2003,               3,              21,    100.0 , S700_3505  , Mini Gifts Distributors Ltd.
      10167, 10/23/2003 0:00,  2812.8 , Cancelled ,      4,       10,    2003,              13,              24,    100.0 , S700_3505  , Scandinavian Gift Ideas
      10185, 11/14/2003 0:00,  3891.66, Shipped   ,      4,       11,    2003,               4,              37,    100.0 , S700_3505  , Mini Creations Ltd.
      10222, 2/19/2004 0:00 ,  4187.22, Shipped   ,      1,        2,    2004,              16,              38,    100.0 , S700_3505  , Collectable Mini Designs Co.
      10232, 3/20/2004 0:00 ,  4615.68, Shipped   ,      1,        3,    2004,               1,              48,     96.16, S700_3505  , giftsbymail.co.uk
      10248, 5/7/2004 0:00  ,  3245.4 , Cancelled ,      2,        5,    2004,               7,              30,    100.0 , S700_3505  , Land of Toys Inc.
      10261, 6/17/2004 0:00 ,  2203.75, Shipped   ,      2,        6,    2004,               5,              25,     88.15, S700_3505  , Quebec Home Shopping Network
      10273, 7/21/2004 0:00 ,  3446.0 , Shipped   ,      3,        7,    2004,               8,              40,     86.15, S700_3505  , Petit Auto
      10295, 9/10/2004 0:00 ,  3473.78, Shipped   ,      3,        9,    2004,               5,              34,    100.0 , S700_3505  , Gifts4AllAges.com
      10327, 11/10/2004 0:00,  3440.0 , Resolved  ,      4,       11,    2004,               2,              43,     80.0 , S700_3505  , Danish Wholesale Imports
      10337, 11/21/2004 0:00,  2770.78, Shipped   ,      4,       11,    2004,               1,              31,     89.38, S700_3505  , Classic Legends Inc.
      10397, 3/28/2005 0:00 ,  5192.64, Shipped   ,      1,        3,    2005,               3,              48,    100.0 , S700_3505  , Alpha Cognac
      10414, 5/6/2005 0:00  ,  3029.04, On Hold   ,      2,        5,    2005,               7,              28,    100.0 , S700_3505  , Gifts4AllAges.com
      10105, 2/11/2003 0:00 ,  2556.18, Shipped   ,      1,        2,    2003,               7,              22,    100.0 , S700_3962  , Danish Wholesale Imports
      10142, 8/8/2003 0:00  ,  3245.58, Shipped   ,      3,        8,    2003,               4,              38,     85.41, S700_3962  , Mini Gifts Distributors Ltd.
      10167, 10/23/2003 0:00,  3003.0 , Cancelled ,      4,       10,    2003,              14,              28,    100.0 , S700_3962  , Scandinavian Gift Ideas
      10185, 11/14/2003 0:00,  1747.9 , Shipped   ,      4,       11,    2003,               5,              22,     79.45, S700_3962  , Mini Creations Ltd.
      10222, 2/19/2004 0:00 ,  2955.54, Shipped   ,      1,        2,    2004,              17,              31,     95.34, S700_3962  , Collectable Mini Designs Co.
      10232, 3/20/2004 0:00 ,  2885.05, Shipped   ,      1,        3,    2004,               2,              35,     82.43, S700_3962  , giftsbymail.co.uk
      10248, 5/7/2004 0:00  ,  3162.95, Cancelled ,      2,        5,    2004,               8,              35,     90.37, S700_3962  , Land of Toys Inc.
      10261, 6/17/2004 0:00 ,  4071.5 , Shipped   ,      2,        6,    2004,               6,              50,     81.43, S700_3962  , Quebec Home Shopping Network
      10273, 7/21/2004 0:00 ,  2969.46, Shipped   ,      3,        7,    2004,               9,              26,    100.0 , S700_3962  , Petit Auto
      10294, 9/10/2004 0:00 ,  4692.6 , Shipped   ,      3,        9,    2004,               1,              45,    100.0 , S700_3962  , Online Mini Collectables
      10327, 11/10/2004 0:00,  3204.57, Resolved  ,      4,       11,    2004,               3,              37,     86.61, S700_3962  , Danish Wholesale Imports
      10337, 11/21/2004 0:00,  2588.04, Shipped   ,      4,       11,    2004,               7,              36,     71.89, S700_3962  , Classic Legends Inc.
      10397, 3/28/2005 0:00 ,  3789.72, Shipped   ,      1,        3,    2005,               2,              36,    100.0 , S700_3962  , Alpha Cognac
      10414, 5/6/2005 0:00  ,  2439.99, On Hold   ,      2,        5,    2005,               8,              27,     90.37, S700_3962  , Gifts4AllAges.com
      10106, 2/17/2003 0:00 ,  2949.12, Shipped   ,      1,        2,    2003,              10,              48,     61.44, S700_4002  , Rovelli Gifts
      10119, 4/28/2003 0:00 ,  1539.72, Shipped   ,      2,        4,    2003,               1,              26,     59.22, S700_4002  , Salzburg Collectables
      10131, 6/16/2003 0:00 ,  2213.38, Shipped   ,      2,        6,    2003,               2,              26,     85.13, S700_4002  , Gift Ideas Corp.
      10143, 8/10/2003 0:00 ,  2919.58, Shipped   ,      3,        8,    2003,               5,              34,     85.87, S700_4002  , Mini Creations Ltd.
      10168, 10/28/2003 0:00,  3233.49, Shipped   ,      4,       10,    2003,              17,              39,     82.91, S700_4002  , Technics Stores Inc.
      10178, 11/8/2003 0:00 ,  3431.25, Shipped   ,      4,       11,    2003,               2,              45,     76.25, S700_4002  , Alpha Cognac
      10198, 11/27/2003 0:00,  2546.8 , Shipped   ,      4,       11,    2003,               2,              40,     63.67, S700_4002  , Cruz & Sons Co.
      10222, 2/19/2004 0:00 ,  3183.29, Shipped   ,      1,        2,    2004,               2,              43,     74.03, S700_4002  , Collectable Mini Designs Co.
      10250, 5/11/2004 0:00 ,  2363.22, Shipped   ,      2,        5,    2004,              12,              38,     62.19, S700_4002  , The Sharp Gifts Warehouse
      10308, 10/15/2004 0:00,  2656.29, Shipped   ,      4,       10,    2004,              15,              39,     68.11, S700_4002  , Mini Classics
      10316, 11/1/2004 0:00 ,  2736.36, Shipped   ,      4,       11,    2004,               7,              44,     62.19, S700_4002  , giftsbymail.co.uk
      10328, 11/12/2004 0:00,  3348.93, Shipped   ,      4,       11,    2004,              12,              39,     85.87, S700_4002  , Rovelli Gifts
      10352, 12/3/2004 0:00 ,  1661.22, Shipped   ,      4,       12,    2004,               1,              22,     75.51, S700_4002  , Auto-Moto Classics Inc.
      10398, 3/30/2005 0:00 ,  3144.96, Shipped   ,      1,        3,    2005,              12,              36,     87.36, S700_4002  , Reims Collectables
      10401, 4/3/2005 0:00  ,  2031.4 , On Hold   ,      2,        4,    2005,              11,              28,     72.55, S700_4002  , Tekni Collectables Inc.
      10416, 5/10/2005 0:00 ,  2674.17, Shipped   ,      2,        5,    2005,              12,              43,     62.19, S700_4002  , L'ordine Souveniers
      10106, 2/17/2003 0:00 ,  2526.72, Shipped   ,      1,        2,    2003,              15,              48,     52.64, S72_1253   , Rovelli Gifts
      10119, 4/28/2003 0:00 ,  1348.76, Shipped   ,      2,        4,    2003,               6,              28,     48.17, S72_1253   , Salzburg Collectables
      10131, 6/16/2003 0:00 ,   875.91, Shipped   ,      2,        6,    2003,               7,              21,     41.71, S72_1253   , Gift Ideas Corp.
      10143, 8/10/2003 0:00 ,  1874.05, Shipped   ,      3,        8,    2003,              10,              37,     50.65, S72_1253   , Mini Creations Ltd.
      10167, 10/23/2003 0:00,  1668.4 , Cancelled ,      4,       10,    2003,               4,              40,     41.71, S72_1253   , Scandinavian Gift Ideas
      10178, 11/8/2003 0:00 ,  2301.75, Shipped   ,      4,       11,    2003,               7,              45,     51.15, S72_1253   , Alpha Cognac
      10222, 2/19/2004 0:00 ,  1416.39, Shipped   ,      1,        2,    2004,               7,              31,     45.69, S72_1253   , Collectable Mini Designs Co.
      10249, 5/8/2004 0:00  ,  1843.52, Shipped   ,      2,        5,    2004,               3,              32,     57.61, S72_1253   , Cambridge Collectables Co.
      10274, 7/21/2004 0:00 ,  1875.2 , Shipped   ,      3,        7,    2004,               4,              32,     58.6 , S72_1253   , Collectables For Less Inc.
      10316, 11/1/2004 0:00 ,  1485.8 , Shipped   ,      4,       11,    2004,              12,              34,     43.7 , S72_1253   , giftsbymail.co.uk
      10329, 11/15/2004 0:00,  3789.72, Shipped   ,      4,       11,    2004,               8,              44,     86.13, S72_1253   , Land of Toys Inc.
      10352, 12/3/2004 0:00 ,  2579.36, Shipped   ,      4,       12,    2004,               4,              49,     52.64, S72_1253   , Auto-Moto Classics Inc.
      10398, 3/30/2005 0:00 ,  1367.48, Shipped   ,      1,        3,    2005,               1,              34,     40.22, S72_1253   , Reims Collectables
      10400, 4/1/2005 0:00  ,  1122.4 , Shipped   ,      2,        4,    2005,               4,              20,     56.12, S72_1253   , The Sharp Gifts Warehouse
      10105, 2/11/2003 0:00 ,  1419.5 , Shipped   ,      1,        2,    2003,               8,              25,     56.78, S72_3212   , Danish Wholesale Imports
      10142, 8/8/2003 0:00  ,  1724.97, Shipped   ,      3,        8,    2003,               5,              39,     44.23, S72_3212   , Mini Gifts Distributors Ltd.
      10167, 10/23/2003 0:00,  1846.42, Cancelled ,      4,       10,    2003,              15,              38,     48.59, S72_3212   , Scandinavian Gift Ideas
      10185, 11/14/2003 0:00,  1804.04, Shipped   ,      4,       11,    2003,               6,              28,     64.43, S72_3212   , Mini Creations Ltd.
      10222, 2/19/2004 0:00 ,  2280.24, Shipped   ,      1,        2,    2004,              18,              36,     63.34, S72_3212   , Collectable Mini Designs Co.
      10232, 3/20/2004 0:00 ,  1192.56, Shipped   ,      1,        3,    2004,               3,              24,     49.69, S72_3212   , giftsbymail.co.uk
      10248, 5/7/2004 0:00  ,  1506.96, Cancelled ,      2,        5,    2004,               9,              23,     65.52, S72_3212   , Land of Toys Inc.
      10261, 6/17/2004 0:00 ,  1472.62, Shipped   ,      2,        6,    2004,               7,              29,     50.78, S72_3212   , Quebec Home Shopping Network
      10273, 7/21/2004 0:00 ,  1696.82, Shipped   ,      3,        7,    2004,              10,              37,     45.86, S72_3212   , Petit Auto
      10293, 9/9/2004 0:00  ,  1921.92, Shipped   ,      3,        9,    2004,               1,              32,     60.06, S72_3212   , Amica Models & Co.
      10327, 11/10/2004 0:00,  3209.38, Resolved  ,      4,       11,    2004,               4,              37,     86.74, S72_3212   , Danish Wholesale Imports
      10337, 11/21/2004 0:00,  4080.72, Shipped   ,      4,       11,    2004,               5,              42,     97.16, S72_3212   , Classic Legends Inc.
      10397, 3/28/2005 0:00 ,  2116.16, Shipped   ,      1,        3,    2005,               1,              34,     62.24, S72_3212   , Alpha Cognac
      10414, 5/6/2005 0:00  ,  3079.44, On Hold   ,      2,        5,    2005,               9,              47,     65.52, S72_3212   , Gifts4AllAges.com
