ORDERNUMBER,ORDERDATE,SALES,STATUS,QTR_ID,MONTH_ID,YEAR_ID,ORDERLINENUMBER,QUANTITYORDERED,PRICEEACH,PRODUCTCODE,CUSTOMERNAME
10211, 1/15/2004 0:00 ,4708.44, Shipped   ,1,1,2004,14,41,100.0, S10_1678   , Auto Canal Petit                    
10223, 2/20/2004 0:00 ,3965.66, Shipped   ,1,2,2004,1,37,100.0, S10_1678   ," ""Australian Collectors Co.""        "
10237, 4/5/2004 0:00  ,2333.12, Shipped   ,2,4,2004,7,23,100.0, S10_1678   , Vitachrome Inc.                     
10251, 5/18/2004 0:00 ,3188.64, Shipped   ,2,5,2004,2,28,100.0, S10_1678   , Tekni Collectables Inc.             
10263, 6/28/2004 0:00 ,3676.76, Shipped   ,2,6,2004,2,34,100.0, S10_1678   , Gift Depot Inc.                     
10275, 7/23/2004 0:00 ,4177.35, Shipped   ,3,7,2004,1,45,92.83, S10_1678   , La Rochelle Gifts                   
10285, 8/27/2004 0:00 ,4099.68, Shipped   ,3,8,2004,6,36,100.0, S10_1678   , Marta's Replicas Co.                
10299, 9/30/2004 0:00 ,2597.39, Shipped   ,3,9,2004,9,23,100.0, S10_1678   ," ""Toys of Finland Co.""              "
10309, 10/15/2004 0:00,4394.38, Shipped   ,4,10,2004,5,41,100.0, S10_1678   , Baane Mini Imports                  
10318, 11/2/2004 0:00 ,4358.04, Shipped   ,4,11,2004,1,46,94.74, S10_1678   , Diecast Classics Inc.               
10329, 11/15/2004 0:00,4396.14, Shipped   ,4,11,2004,1,42,100.0, S10_1678   , Land of Toys Inc.                   
10341, 11/24/2004 0:00,7737.93, Shipped   ,4,11,2004,9,41,100.0, S10_1678   , Salzburg Collectables               
10361, 12/17/2004 0:00,1451.0, Shipped   ,4,12,2004,13,20,72.55, S10_1678   , Souveniers And Things Co.           
10215, 1/29/2004 0:00 ,6075.3, Shipped   ,1,1,2004,3,35,100.0, S10_1949   , West Coast Collectables Co.         
10228, 3/10/2004 0:00 ,6463.23, Shipped   ,1,3,2004,2,29,100.0, S10_1949   , Cambridge Collectables Co.          
10245, 5/4/2004 0:00  ,6120.34, Shipped   ,2,5,2004,9,34,100.0, S10_1949   , Super Scale Inc.                    
10258, 6/15/2004 0:00 ,7680.64, Shipped   ,2,6,2004,6,32,100.0, S10_1949   ," ""Tokyo Collectables Ltd""           "
10270, 7/19/2004 0:00 ,4905.39, Shipped   ,3,7,2004,9,21,100.0, S10_1949   , Souveniers And Things Co.           
10280, 8/17/2004 0:00 ,8014.82, Shipped   ,3,8,2004,2,34,100.0, S10_1949   , Amica Models & Co.                  
10291, 9/8/2004 0:00  ,7136.19, Shipped   ,3,9,2004,11,37,100.0, S10_1949   , Scandinavian Gift Ideas             
10304, 10/11/2004 0:00,10172.7, Shipped   ,4,10,2004,6,47,100.0, S10_1949   , Auto Assoc. & Cie.                  
10312, 10/21/2004 0:00,11623.7, Shipped   ,4,10,2004,3,48,100.0, S10_1949   , Mini Gifts Distributors Ltd.        
10322, 11/4/2004 0:00 ,6000.4, Shipped   ,4,11,2004,1,40,100.0, S10_1949   , Online Diecast Creations Co.        
10333, 11/18/2004 0:00,3003.0, Shipped   ,4,11,2004,3,26,100.0, S10_1949   , Mini Wheels Co.                     
10347, 11/29/2004 0:00,3944.7, Shipped   ,4,11,2004,1,30,100.0, S10_1949   ," ""Australian Collectors Co.""        "
10357, 12/10/2004 0:00,5691.84, Shipped   ,4,12,2004,10,32,100.0, S10_1949   , Mini Gifts Distributors Ltd.        
10210, 1/12/2004 0:00 ,3009.09, Shipped   ,1,1,2004,2,23,100.0, S10_2016   , Osaka Souveniers Co.                
10223, 2/20/2004 0:00 ,5422.39, Shipped   ,1,2,2004,4,47,100.0, S10_2016   ," ""Australian Collectors Co.""        "
10236, 4/3/2004 0:00  ,2852.08, Shipped   ,2,4,2004,1,22,100.0, S10_2016   , Motor Mint Distributors Inc.        
10251, 5/18/2004 0:00 ,5756.52, Shipped   ,2,5,2004,5,44,100.0, S10_2016   , Tekni Collectables Inc.             
10263, 6/28/2004 0:00 ,4472.0, Shipped   ,2,6,2004,5,40,100.0, S10_2016   , Gift Depot Inc.                     
10275, 7/23/2004 0:00 ,2904.44, Shipped   ,3,7,2004,4,22,100.0, S10_2016   , La Rochelle Gifts                   
10285, 8/27/2004 0:00 ,6484.59, Shipped   ,3,8,2004,9,47,100.0, S10_2016   , Marta's Replicas Co.                
10298, 9/27/2004 0:00 ,3757.26, Shipped   ,3,9,2004,1,39,96.34, S10_2016   , Atelier graphique                   
10308, 10/15/2004 0:00,4043.96, Shipped   ,4,10,2004,2,34,100.0, S10_2016   , Mini Classics                       
10318, 11/2/2004 0:00 ,5566.5, Shipped   ,4,11,2004,4,45,100.0, S10_2016   , Diecast Classics Inc.               
10329, 11/15/2004 0:00,3176.0, Shipped   ,4,11,2004,2,20,100.0, S10_2016   , Land of Toys Inc.                   
10339, 11/23/2004 0:00,2756.8, Shipped   ,4,11,2004,4,40,68.92, S10_2016   ," ""Tokyo Collectables Ltd""           "
10361, 12/17/2004 0:00,1329.9, Shipped   ,4,12,2004,8,26,51.15, S10_2016   , Souveniers And Things Co.           
10210, 1/12/2004 0:00 ,6123.4, Shipped   ,1,1,2004,1,34,100.0, S10_4698   , Osaka Souveniers Co.                
10223, 2/20/2004 0:00 ,9774.03, Shipped   ,1,2,2004,3,49,100.0, S10_4698   ," ""Australian Collectors Co.""        "
10237, 4/5/2004 0:00  ,7023.9, Shipped   ,2,4,2004,9,39,100.0, S10_4698   , Vitachrome Inc.                     
10251, 5/18/2004 0:00 ,7078.23, Shipped   ,2,5,2004,4,43,100.0, S10_4698   , Tekni Collectables Inc.             
10263, 6/28/2004 0:00 ,8336.94, Shipped   ,2,6,2004,4,41,100.0, S10_4698   , Gift Depot Inc.                     
10275, 7/23/2004 0:00 ,6901.92, Shipped   ,3,7,2004,3,36,100.0, S10_4698   , La Rochelle Gifts                   
10285, 8/27/2004 0:00 ,5438.07, Shipped   ,3,8,2004,8,27,100.0, S10_4698   , Marta's Replicas Co.                
10299, 9/30/2004 0:00 ,6683.34, Shipped   ,3,9,2004,11,29,100.0, S10_4698   ," ""Toys of Finland Co.""              "
10308, 10/15/2004 0:00,4570.4, Shipped   ,4,10,2004,1,20,100.0, S10_4698   , Mini Classics                       
10318, 11/2/2004 0:00 ,7667.14, Shipped   ,4,11,2004,3,37,100.0, S10_4698   , Diecast Classics Inc.               
10329, 11/15/2004 0:00,5868.2, Shipped   ,4,11,2004,3,26,100.0, S10_4698   , Land of Toys Inc.                   
10339, 11/23/2004 0:00,2990.13, Shipped   ,4,11,2004,3,39,76.67, S10_4698   ," ""Tokyo Collectables Ltd""           "
10209, 1/9/2004 0:00  ,5197.92, Shipped   ,1,1,2004,8,39,100.0, S10_4757   ," ""Men 'R' US Retailers Ltd.""        "
10222, 2/19/2004 0:00 ,5997.6, Shipped   ,1,2,2004,12,49,100.0, S10_4757   , Collectable Mini Designs Co.        
10248, 5/7/2004 0:00  ,2910.4, Cancelled ,2,5,2004,3,20,100.0, S10_4757   , Land of Toys Inc.                   
10261, 6/17/2004 0:00 ,3378.24, Shipped   ,2,6,2004,1,27,100.0, S10_4757   , Quebec Home Shopping Network        
10273, 7/21/2004 0:00 ,3508.8, Shipped   ,3,7,2004,4,30,100.0, S10_4757   , Petit Auto                          
10283, 8/20/2004 0:00 ,2992.0, Shipped   ,3,8,2004,6,25,100.0, S10_4757   ," ""Royal Canadian Collectables Ltd."" "
10295, 9/10/2004 0:00 ,3427.2, Shipped   ,3,9,2004,1,24,100.0, S10_4757   , Gifts4AllAges.com                   
10307, 10/14/2004 0:00,2692.8, Shipped   ,4,10,2004,9,22,100.0, S10_4757   ," ""Classic Gift Ideas Inc""           "
10316, 11/1/2004 0:00 ,4128.96, Shipped   ,4,11,2004,17,33,100.0, S10_4757   , giftsbymail.co.uk                   
10325, 11/5/2004 0:00 ,3051.71, Shipped   ,4,11,2004,6,47,64.93, S10_4757   , Baane Mini Imports                  
10337, 11/21/2004 0:00,1201.25, Shipped   ,4,11,2004,8,25,48.05, S10_4757   , Classic Legends Inc.                
10350, 12/2/2004 0:00 ,1962.22, Shipped   ,4,12,2004,5,26,75.47, S10_4757   , Euro Shopping Channel               
10359, 12/15/2004 0:00,2624.64, Shipped   ,4,12,2004,6,48,54.68, S10_4757   , Reims Collectables                  
10217, 2/4/2004 0:00  ,7020.48, Shipped   ,1,2,2004,4,48,100.0, S10_4962   , Handji Gifts& Co                    
10229, 3/11/2004 0:00 ,6426.5, Shipped   ,1,3,2004,9,50,100.0, S10_4962   , Mini Gifts Distributors Ltd.        
10245, 5/4/2004 0:00  ,4591.72, Shipped   ,2,5,2004,2,28,100.0, S10_4962   , Super Scale Inc.                    
10259, 6/15/2004 0:00 ,4033.38, Shipped   ,2,6,2004,12,26,100.0, S10_4962   , Handji Gifts& Co                    
10270, 7/19/2004 0:00 ,4302.08, Shipped   ,3,7,2004,2,32,100.0, S10_4962   , Souveniers And Things Co.           
10281, 8/19/2004 0:00 ,7020.64, Shipped   ,3,8,2004,9,44,100.0, S10_4962   , Diecast Classics Inc.               
10291, 9/8/2004 0:00  ,3855.9, Shipped   ,3,9,2004,4,30,100.0, S10_4962   , Scandinavian Gift Ideas             
10305, 10/13/2004 0:00,6680.78, Shipped   ,4,10,2004,13,38,100.0, S10_4962   , Marta's Replicas Co.                
10313, 10/22/2004 0:00,6678.0, Shipped   ,4,10,2004,7,40,100.0, S10_4962   , Canadian Gift Exchange Network      
10322, 11/4/2004 0:00 ,2851.54, Shipped   ,4,11,2004,8,46,61.99, S10_4962   , Online Diecast Creations Co.        
10334, 11/19/2004 0:00,3188.12, On Hold   ,4,11,2004,2,26,100.0, S10_4962   ," ""Volvo Model Replicas Co""          "
10347, 11/29/2004 0:00,4428.0, Shipped   ,4,11,2004,2,27,100.0, S10_4962   ," ""Australian Collectors Co.""        "
10357, 12/10/2004 0:00,5780.92, Shipped   ,4,12,2004,9,43,100.0, S10_4962   , Mini Gifts Distributors Ltd.        
10211, 1/15/2004 0:00 ,7498.9, Shipped   ,1,1,2004,2,41,100.0, S12_1099   , Auto Canal Petit                    
10225, 2/22/2004 0:00 ,4517.91, Shipped   ,1,2,2004,9,27,100.0, S12_1099   ," ""Vida Sport Ltd""                   "
10238, 4/9/2004 0:00  ,5774.72, Shipped   ,2,4,2004,3,28,100.0, S12_1099   , Danish Wholesale Imports            
10253, 6/1/2004 0:00  ,3922.56, Cancelled ,2,6,2004,13,24,100.0, S12_1099   ," ""UK Collectables Ltd.""             "
10266, 7/6/2004 0:00  ,9160.36, Shipped   ,3,7,2004,14,44,100.0, S12_1099   , L'ordine Souveniers                 
10276, 8/2/2004 0:00  ,9631.0, Shipped   ,3,8,2004,3,50,100.0, S12_1099   , Online Mini Collectables            
10287, 8/30/2004 0:00 ,3432.24, Shipped   ,3,8,2004,12,21,100.0, S12_1099   ," ""Vida Sport Ltd""                   "
10310, 10/16/2004 0:00,6934.62, Shipped   ,4,10,2004,10,33,100.0, S12_1099   ," ""Toms Spezialitten Ltd""            "
10320, 11/3/2004 0:00 ,6876.11, Shipped   ,4,11,2004,3,31,100.0, S12_1099   ," ""Volvo Model Replicas Co""          "
10329, 11/15/2004 0:00,2930.27, Shipped   ,4,11,2004,5,41,71.47, S12_1099   , Land of Toys Inc.                   
10341, 11/24/2004 0:00,3584.25, Shipped   ,4,11,2004,2,45,79.65, S12_1099   , Salzburg Collectables               
10208, 1/2/2004 0:00  ,8602.92, Shipped   ,1,1,2004,13,46,100.0, S12_1108   ," ""Saveley & Henriot Co.""            "
10220, 2/12/2004 0:00 ,7181.44, Shipped   ,1,2,2004,2,32,100.0, S12_1108   ," ""Clover Collections Co.""           "
10231, 3/19/2004 0:00 ,8378.58, Shipped   ,1,3,2004,2,42,100.0, S12_1108   , CAF Imports                         
10247, 5/5/2004 0:00  ,10606.2, Shipped   ,2,5,2004,2,44,100.0, S12_1108   , Suominen Souveniers                 
10272, 7/20/2004 0:00 ,5818.4, Shipped   ,3,7,2004,2,35,100.0, S12_1108   , Diecast Classics Inc.               
10282, 8/20/2004 0:00 ,7071.27, Shipped   ,3,8,2004,5,41,100.0, S12_1108   , Mini Gifts Distributors Ltd.        
10293, 9/9/2004 0:00  ,8411.56, Shipped   ,3,9,2004,8,46,100.0, S12_1108   , Amica Models & Co.                  
10306, 10/14/2004 0:00,6570.76, Shipped   ,4,10,2004,13,31,100.0, S12_1108   ," ""AV Stores Co.""                    "
10314, 10/22/2004 0:00,7975.44, Shipped   ,4,10,2004,5,38,100.0, S12_1108   , Heintze Collectables                
10325, 11/5/2004 0:00 ,2688.0, Shipped   ,4,11,2004,8,42,64.0, S12_1108   , Baane Mini Imports                  
10336, 11/20/2004 0:00,1888.26, Shipped   ,4,11,2004,10,33,57.22, S12_1108   ," ""La Corne D'abondance Co.""         "
10348, 11/1/2004 0:00 ,2513.28, Shipped   ,4,11,2004,8,48,52.36, S12_1108   ," ""Corrida Auto Replicas Ltd""        "
10359, 12/15/2004 0:00,4764.48, Shipped   ,4,12,2004,8,42,100.0, S12_1108   , Reims Collectables                  
10216, 2/2/2004 0:00  ,5759.42, Shipped   ,1,2,2004,1,43,100.0, S12_1666   , Auto Assoc. & Cie.                  
10229, 3/11/2004 0:00 ,3451.0, Shipped   ,1,3,2004,13,25,100.0, S12_1666   , Mini Gifts Distributors Ltd.        
10245, 5/4/2004 0:00  ,5920.4, Shipped   ,2,5,2004,6,38,100.0, S12_1666   , Super Scale Inc.                    
10258, 6/15/2004 0:00 ,6668.24, Shipped   ,2,6,2004,3,41,100.0, S12_1666   ," ""Tokyo Collectables Ltd""           "
10270, 7/19/2004 0:00 ,4094.72, Shipped   ,3,7,2004,6,28,100.0, S12_1666   , Souveniers And Things Co.           
10281, 8/19/2004 0:00 ,2938.5, Shipped   ,3,8,2004,13,25,100.0, S12_1666   , Diecast Classics Inc.               
10291, 9/8/2004 0:00  ,6387.8, Shipped   ,3,9,2004,8,41,100.0, S12_1666   , Scandinavian Gift Ideas             
10304, 10/11/2004 0:00,6396.0, Shipped   ,4,10,2004,3,39,100.0, S12_1666   , Auto Assoc. & Cie.                  
10313, 10/22/2004 0:00,2669.1, Shipped   ,4,10,2004,11,21,100.0, S12_1666   , Canadian Gift Exchange Network      
10322, 11/4/2004 0:00 ,4784.13, Shipped   ,4,11,2004,9,27,100.0, S12_1666   , Online Diecast Creations Co.        
10333, 11/18/2004 0:00,3273.93, Shipped   ,4,11,2004,6,33,99.21, S12_1666   , Mini Wheels Co.                     
10347, 11/29/2004 0:00,3586.43, Shipped   ,4,11,2004,3,29,100.0, S12_1666   ," ""Australian Collectors Co.""        "
10357, 12/10/2004 0:00,5960.36, Shipped   ,4,12,2004,8,49,100.0, S12_1666   , Mini Gifts Distributors Ltd.        
10211, 1/15/2004 0:00 ,4771.8, Shipped   ,1,1,2004,13,36,100.0, S12_2823   , Auto Canal Petit                    
10224, 2/21/2004 0:00 ,6087.94, Shipped   ,1,2,2004,6,43,100.0, S12_2823   , Daedalus Designs Imports            
10237, 4/5/2004 0:00  ,4193.28, Shipped   ,2,4,2004,6,32,100.0, S12_2823   , Vitachrome Inc.                     
10251, 5/18/2004 0:00 ,7552.28, Shipped   ,2,5,2004,1,46,100.0, S12_2823   , Tekni Collectables Inc.             
10263, 6/28/2004 0:00 ,6434.4, Shipped   ,2,6,2004,1,48,100.0, S12_2823   , Gift Depot Inc.                     
10276, 8/2/2004 0:00  ,5181.5, Shipped   ,3,8,2004,14,43,100.0, S12_2823   , Online Mini Collectables            
10285, 8/27/2004 0:00 ,6863.92, Shipped   ,3,8,2004,5,49,100.0, S12_2823   , Marta's Replicas Co.                
10299, 9/30/2004 0:00 ,4157.04, Shipped   ,3,9,2004,8,24,100.0, S12_2823   ," ""Toys of Finland Co.""              "
10309, 10/15/2004 0:00,4660.24, Shipped   ,4,10,2004,4,26,100.0, S12_2823   , Baane Mini Imports                  
10319, 11/3/2004 0:00 ,4111.8, Shipped   ,4,11,2004,9,30,100.0, S12_2823   , Microscale Inc.                     
10329, 11/15/2004 0:00,3542.64, Shipped   ,4,11,2004,6,24,100.0, S12_2823   , Land of Toys Inc.                   
10341, 11/24/2004 0:00,8118.55, Shipped   ,4,11,2004,8,55,100.0, S12_2823   , Salzburg Collectables               
10208, 1/2/2004 0:00  ,3142.36, Shipped   ,1,1,2004,14,26,100.0, S12_3148   ," ""Saveley & Henriot Co.""            "
10220, 2/12/2004 0:00 ,4713.6, Shipped   ,1,2,2004,3,30,100.0, S12_3148   ," ""Clover Collections Co.""           "
10230, 3/15/2004 0:00 ,7016.31, Shipped   ,1,3,2004,1,43,100.0, S12_3148   ," ""Blauer See Auto Co.""              "
10247, 5/5/2004 0:00  ,4381.25, Shipped   ,2,5,2004,3,25,100.0, S12_3148   , Suominen Souveniers                 
10272, 7/20/2004 0:00 ,4283.01, Shipped   ,3,7,2004,3,27,100.0, S12_3148   , Diecast Classics Inc.               
10282, 8/20/2004 0:00 ,4364.82, Shipped   ,3,8,2004,6,27,100.0, S12_3148   , Mini Gifts Distributors Ltd.        
10293, 9/9/2004 0:00  ,4242.24, Shipped   ,3,9,2004,9,24,100.0, S12_3148   , Amica Models & Co.                  
10306, 10/14/2004 0:00,4982.7, Shipped   ,4,10,2004,14,34,100.0, S12_3148   ," ""AV Stores Co.""                    "
10314, 10/22/2004 0:00,6393.54, Shipped   ,4,10,2004,6,46,100.0, S12_3148   , Heintze Collectables                
10324, 11/5/2004 0:00 ,1466.91, Shipped   ,4,11,2004,1,27,54.33, S12_3148   , Vitachrome Inc.                     
10336, 11/20/2004 0:00,4059.33, Shipped   ,4,11,2004,11,33,100.0, S12_3148   ," ""La Corne D'abondance Co.""         "
10348, 11/1/2004 0:00 ,4801.52, Shipped   ,4,11,2004,4,47,100.0, S12_3148   ," ""Corrida Auto Replicas Ltd""        "
10358, 12/10/2004 0:00,2711.66, Shipped   ,4,12,2004,5,49,55.34, S12_3148   , Euro Shopping Channel               
10212, 1/16/2004 0:00 ,4946.76, Shipped   ,1,1,2004,16,39,100.0, S12_3380   , Euro Shopping Channel               
10225, 2/22/2004 0:00 ,2495.5, Shipped   ,1,2,2004,7,25,99.82, S12_3380   ," ""Vida Sport Ltd""                   "
10238, 4/9/2004 0:00  ,3167.38, Shipped   ,2,4,2004,1,29,100.0, S12_3380   , Danish Wholesale Imports            
10253, 6/1/2004 0:00  ,2402.84, Cancelled ,2,6,2004,11,22,100.0, S12_3380   ," ""UK Collectables Ltd.""             "
10266, 7/6/2004 0:00  ,2454.54, Shipped   ,3,7,2004,12,22,100.0, S12_3380   , L'ordine Souveniers                 
10276, 8/2/2004 0:00  ,5464.69, Shipped   ,3,8,2004,1,47,100.0, S12_3380   , Online Mini Collectables            
10287, 8/30/2004 0:00 ,4756.5, Shipped   ,3,8,2004,10,45,100.0, S12_3380   ," ""Vida Sport Ltd""                   "
10310, 10/16/2004 0:00,3100.32, Shipped   ,4,10,2004,8,24,100.0, S12_3380   ," ""Toms Spezialitten Ltd""            "
10320, 11/3/2004 0:00 ,4850.3, Shipped   ,4,11,2004,1,35,100.0, S12_3380   ," ""Volvo Model Replicas Co""          "
10329, 11/15/2004 0:00,3846.98, Shipped   ,4,11,2004,13,46,83.63, S12_3380   , Land of Toys Inc.                   
10341, 11/24/2004 0:00,4220.92, Shipped   ,4,11,2004,1,44,95.93, S12_3380   , Salzburg Collectables               
10208, 1/2/2004 0:00  ,3114.4, Shipped   ,1,1,2004,12,20,100.0, S12_3891   ," ""Saveley & Henriot Co.""            "
10220, 2/12/2004 0:00 ,5045.22, Shipped   ,1,2,2004,1,27,100.0, S12_3891   ," ""Clover Collections Co.""           "
10231, 3/19/2004 0:00 ,6952.12, Shipped   ,1,3,2004,1,49,100.0, S12_3891   , CAF Imports                         
10247, 5/5/2004 0:00  ,4157.73, Shipped   ,2,5,2004,1,27,100.0, S12_3891   , Suominen Souveniers                 
10272, 7/20/2004 0:00 ,7962.24, Shipped   ,3,7,2004,1,39,100.0, S12_3891   , Diecast Classics Inc.               
10282, 8/20/2004 0:00 ,3778.8, Shipped   ,3,8,2004,4,24,100.0, S12_3891   , Mini Gifts Distributors Ltd.        
10293, 9/9/2004 0:00  ,8253.0, Shipped   ,3,9,2004,7,45,100.0, S12_3891   , Amica Models & Co.                  
10306, 10/14/2004 0:00,3633.4, Shipped   ,4,10,2004,12,20,100.0, S12_3891   ," ""AV Stores Co.""                    "
10314, 10/22/2004 0:00,6913.8, Shipped   ,4,10,2004,4,36,100.0, S12_3891   , Heintze Collectables                
10325, 11/5/2004 0:00 ,2583.6, Shipped   ,4,11,2004,1,24,100.0, S12_3891   , Baane Mini Imports                  
10336, 11/20/2004 0:00,3105.62, Shipped   ,4,11,2004,1,49,63.38, S12_3891   ," ""La Corne D'abondance Co.""         "
10349, 12/1/2004 0:00 ,4408.56, Shipped   ,4,12,2004,10,26,100.0, S12_3891   , Muscle Machine Inc                  
10359, 12/15/2004 0:00,3042.41, Shipped   ,4,12,2004,5,49,62.09, S12_3891   , Reims Collectables                  
10211, 1/15/2004 0:00 ,2591.96, Shipped   ,1,1,2004,3,28,92.57, S12_3990   , Auto Canal Petit                    
10225, 2/22/2004 0:00 ,2864.17, Shipped   ,1,2,2004,10,37,77.41, S12_3990   ," ""Vida Sport Ltd""                   "
10238, 4/9/2004 0:00  ,1484.2, Shipped   ,2,4,2004,4,20,74.21, S12_3990   , Danish Wholesale Imports            
10253, 6/1/2004 0:00  ,2254.25, Cancelled ,2,6,2004,14,25,90.17, S12_3990   ," ""UK Collectables Ltd.""             "
10266, 7/6/2004 0:00  ,2681.35, Shipped   ,3,7,2004,15,35,76.61, S12_3990   , L'ordine Souveniers                 
10276, 8/2/2004 0:00  ,3184.02, Shipped   ,3,8,2004,4,38,83.79, S12_3990   , Online Mini Collectables            
10287, 8/30/2004 0:00 ,2846.63, Shipped   ,3,8,2004,13,41,69.43, S12_3990   ," ""Vida Sport Ltd""                   "
10310, 10/16/2004 0:00,3988.6, Shipped   ,4,10,2004,11,49,81.4, S12_3990   ," ""Toms Spezialitten Ltd""            "
10320, 11/3/2004 0:00 ,2789.96, Shipped   ,4,11,2004,4,38,73.42, S12_3990   ," ""Volvo Model Replicas Co""          "
10329, 11/15/2004 0:00,3607.56, Shipped   ,4,11,2004,14,33,100.0, S12_3990   , Land of Toys Inc.                   
10341, 11/24/2004 0:00,3368.16, Shipped   ,4,11,2004,10,36,93.56, S12_3990   , Salzburg Collectables               
10219, 2/10/2004 0:00 ,4891.68, Shipped   ,1,2,2004,2,48,100.0, S12_4473   , Signal Collectibles Ltd.            
10229, 3/11/2004 0:00 ,4521.96, Shipped   ,1,3,2004,1,36,100.0, S12_4473   , Mini Gifts Distributors Ltd.        
10246, 5/5/2004 0:00  ,5069.66, Shipped   ,2,5,2004,5,46,100.0, S12_4473   , Euro Shopping Channel               
10259, 6/15/2004 0:00 ,6541.2, Shipped   ,2,6,2004,4,46,100.0, S12_4473   , Handji Gifts& Co                    
10271, 7/20/2004 0:00 ,3012.27, Shipped   ,3,7,2004,5,31,97.17, S12_4473   , Mini Gifts Distributors Ltd.        
10281, 8/19/2004 0:00 ,5247.18, Shipped   ,3,8,2004,1,41,100.0, S12_4473   , Diecast Classics Inc.               
10292, 9/8/2004 0:00  ,2214.87, Shipped   ,3,9,2004,8,21,100.0, S12_4473   , Land of Toys Inc.                   
10305, 10/13/2004 0:00,4773.18, Shipped   ,4,10,2004,5,38,100.0, S12_4473   , Marta's Replicas Co.                
10314, 10/22/2004 0:00,6185.7, Shipped   ,4,10,2004,14,45,100.0, S12_4473   , Heintze Collectables                
10324, 11/5/2004 0:00 ,1517.88, Shipped   ,4,11,2004,7,26,58.38, S12_4473   , Vitachrome Inc.                     
10336, 11/20/2004 0:00,6372.6, Shipped   ,4,11,2004,3,38,100.0, S12_4473   ," ""La Corne D'abondance Co.""         "
10349, 12/1/2004 0:00 ,5232.96, Shipped   ,4,12,2004,9,48,100.0, S12_4473   , Muscle Machine Inc                  
10358, 12/10/2004 0:00,2694.72, Shipped   ,4,12,2004,9,42,64.16, S12_4473   , Euro Shopping Channel               
10212, 1/16/2004 0:00 ,4180.44, Shipped   ,1,1,2004,15,33,100.0, S12_4675   , Euro Shopping Channel               
10225, 2/22/2004 0:00 ,2684.43, Shipped   ,1,2,2004,6,21,100.0, S12_4675   ," ""Vida Sport Ltd""                   "
10239, 4/12/2004 0:00 ,1958.88, Shipped   ,2,4,2004,5,21,93.28, S12_4675   ," ""Oulu Toy Supplies Inc.""           "
10253, 6/1/2004 0:00  ,4910.57, Cancelled ,2,6,2004,10,41,100.0, S12_4675   ," ""UK Collectables Ltd.""             "
10266, 7/6/2004 0:00  ,4468.4, Shipped   ,3,7,2004,11,40,100.0, S12_4675   , L'ordine Souveniers                 
10277, 8/4/2004 0:00  ,3127.88, Shipped   ,3,8,2004,1,28,100.0, S12_4675   ," ""Dragon Souveniers Ltd.""           "
10287, 8/30/2004 0:00 ,2675.13, Shipped   ,3,8,2004,9,23,100.0, S12_4675   ," ""Vida Sport Ltd""                   "
10310, 10/16/2004 0:00,2504.75, Shipped   ,4,10,2004,7,25,100.0, S12_4675   ," ""Toms Spezialitten Ltd""            "
10321, 11/4/2004 0:00 ,2984.88, Shipped   ,4,11,2004,15,24,100.0, S12_4675   , FunGiftIdeas.com                    
10329, 11/15/2004 0:00,2524.86, Shipped   ,4,11,2004,15,39,64.74, S12_4675   , Land of Toys Inc.                   
10341, 11/24/2004 0:00,4136.0, Shipped   ,4,11,2004,7,55,75.2, S12_4675   , Salzburg Collectables               
10215, 1/29/2004 0:00 ,5152.0, Shipped   ,1,1,2004,2,46,100.0, S18_1097   , West Coast Collectables Co.         
10228, 3/10/2004 0:00 ,3360.0, Shipped   ,1,3,2004,1,32,100.0, S18_1097   , Cambridge Collectables Co.          
10245, 5/4/2004 0:00  ,3451.0, Shipped   ,2,5,2004,8,29,100.0, S18_1097   , Super Scale Inc.                    
10258, 6/15/2004 0:00 ,5453.0, Shipped   ,2,6,2004,5,41,100.0, S18_1097   ," ""Tokyo Collectables Ltd""           "
10270, 7/19/2004 0:00 ,4164.12, Shipped   ,3,7,2004,8,43,96.84, S18_1097   , Souveniers And Things Co.           
10280, 8/17/2004 0:00 ,2800.08, Shipped   ,3,8,2004,1,24,100.0, S18_1097   , Amica Models & Co.                  
10291, 9/8/2004 0:00  ,4687.94, Shipped   ,3,9,2004,10,41,100.0, S18_1097   , Scandinavian Gift Ideas             
10304, 10/11/2004 0:00,4508.0, Shipped   ,4,10,2004,5,46,98.0, S18_1097   , Auto Assoc. & Cie.                  
10312, 10/21/2004 0:00,4181.44, Shipped   ,4,10,2004,2,32,100.0, S18_1097   , Mini Gifts Distributors Ltd.        
10322, 11/4/2004 0:00 ,2251.04, Shipped   ,4,11,2004,10,22,100.0, S18_1097   , Online Diecast Creations Co.        
10333, 11/18/2004 0:00,1167.25, Shipped   ,4,11,2004,7,29,40.25, S18_1097   , Mini Wheels Co.                     
10347, 11/29/2004 0:00,2083.2, Shipped   ,4,11,2004,5,42,49.6, S18_1097   ," ""Australian Collectors Co.""        "
10357, 12/10/2004 0:00,3822.0, Shipped   ,4,12,2004,1,39,98.0, S18_1097   , Mini Gifts Distributors Ltd.        
10212, 1/16/2004 0:00 ,4186.73, Shipped   ,1,1,2004,10,29,100.0, S18_1129   , Euro Shopping Channel               
10225, 2/22/2004 0:00 ,4529.28, Shipped   ,1,2,2004,1,32,100.0, S18_1129   ," ""Vida Sport Ltd""                   "
10240, 4/13/2004 0:00 ,5628.89, Shipped   ,2,4,2004,3,41,100.0, S18_1129   , Osaka Souveniers Co.                
10253, 6/1/2004 0:00  ,3054.48, Cancelled ,2,6,2004,5,26,100.0, S18_1129   ," ""UK Collectables Ltd.""             "
10266, 7/6/2004 0:00  ,2526.51, Shipped   ,3,7,2004,6,21,100.0, S18_1129   , L'ordine Souveniers                 
10278, 8/6/2004 0:00  ,4667.86, Shipped   ,3,8,2004,6,34,100.0, S18_1129   , Signal Gift Stores                  
10287, 8/30/2004 0:00 ,6499.32, Shipped   ,3,8,2004,4,41,100.0, S18_1129   ," ""Vida Sport Ltd""                   "
10310, 10/16/2004 0:00,6231.91, Shipped   ,4,10,2004,2,37,100.0, S18_1129   ," ""Toms Spezialitten Ltd""            "
10321, 11/4/2004 0:00 ,5803.14, Shipped   ,4,11,2004,10,41,100.0, S18_1129   , FunGiftIdeas.com                    
10331, 11/17/2004 0:00,6434.02, Shipped   ,4,11,2004,6,46,100.0, S18_1129   , Motor Mint Distributors Inc.        
10342, 11/24/2004 0:00,6454.4, Shipped   ,4,11,2004,2,40,100.0, S18_1129   ," ""Australian Collectors Co.""        "
10356, 12/9/2004 0:00 ,4196.8, Shipped   ,4,12,2004,8,43,97.6, S18_1129   , Lyon Souveniers                     
10215, 1/29/2004 0:00 ,2413.26, Shipped   ,1,1,2004,10,27,89.38, S18_1342   , West Coast Collectables Co.         
10227, 3/2/2004 0:00  ,2953.75, Shipped   ,1,3,2004,3,25,100.0, S18_1342   ," ""Saveley & Henriot Co.""            "
10244, 4/29/2004 0:00 ,4684.8, Shipped   ,2,4,2004,7,40,100.0, S18_1342   , Euro Shopping Channel               
10256, 6/8/2004 0:00  ,3248.7, Shipped   ,2,6,2004,2,34,95.55, S18_1342   , Danish Wholesale Imports            
10280, 8/17/2004 0:00 ,5239.5, Shipped   ,3,8,2004,9,50,100.0, S18_1342   , Amica Models & Co.                  
10289, 9/3/2004 0:00  ,4567.98, Shipped   ,3,9,2004,2,38,100.0, S18_1342   , Herkku Gifts                        
10304, 10/11/2004 0:00,3535.35, Shipped   ,4,10,2004,13,37,95.55, S18_1342   , Auto Assoc. & Cie.                  
10312, 10/21/2004 0:00,3843.34, Shipped   ,4,10,2004,10,43,89.38, S18_1342   , Mini Gifts Distributors Ltd.        
10322, 11/4/2004 0:00 ,3710.9, Shipped   ,4,11,2004,14,43,86.3, S18_1342   , Online Diecast Creations Co.        
10332, 11/17/2004 0:00,4375.98, Shipped   ,4,11,2004,15,46,95.13, S18_1342   ," ""AV Stores Co.""                    "
10346, 11/29/2004 0:00,1516.62, Shipped   ,4,11,2004,3,42,36.11, S18_1342   , Signal Gift Stores                  
10356, 12/9/2004 0:00 ,2509.0, Shipped   ,4,12,2004,9,50,50.18, S18_1342   , Lyon Souveniers                     
10215, 1/29/2004 0:00 ,1423.29, Shipped   ,1,1,2004,9,33,43.13, S18_1367   , West Coast Collectables Co.         
10227, 3/2/2004 0:00  ,1504.12, Shipped   ,1,3,2004,2,31,48.52, S18_1367   ," ""Saveley & Henriot Co.""            "
10244, 4/29/2004 0:00 ,1164.4, Shipped   ,2,4,2004,6,20,58.22, S18_1367   , Euro Shopping Channel               
10256, 6/8/2004 0:00  ,1500.75, Shipped   ,2,6,2004,1,29,51.75, S18_1367   , Danish Wholesale Imports            
10280, 8/17/2004 0:00 ,1557.36, Shipped   ,3,8,2004,8,27,57.68, S18_1367   , Amica Models & Co.                  
10289, 9/3/2004 0:00  ,1345.68, Shipped   ,3,9,2004,1,24,56.07, S18_1367   , Herkku Gifts                        
10304, 10/11/2004 0:00,1795.24, Shipped   ,4,10,2004,12,37,48.52, S18_1367   , Auto Assoc. & Cie.                  
10312, 10/21/2004 0:00,1105.25, Shipped   ,4,10,2004,9,25,44.21, S18_1367   , Mini Gifts Distributors Ltd.        
10322, 11/4/2004 0:00 ,2364.88, Shipped   ,4,11,2004,5,41,57.68, S18_1367   , Online Diecast Creations Co.        
10332, 11/17/2004 0:00,2427.03, Shipped   ,4,11,2004,16,27,89.89, S18_1367   ," ""AV Stores Co.""                    "
10347, 11/29/2004 0:00,1237.95, Shipped   ,4,11,2004,7,21,58.95, S18_1367   ," ""Australian Collectors Co.""        "
10356, 12/9/2004 0:00 ,1593.02, Shipped   ,4,12,2004,6,22,72.41, S18_1367   , Lyon Souveniers                     
10212, 1/16/2004 0:00 ,4492.36, Shipped   ,1,1,2004,6,38,100.0, S18_1589   , Euro Shopping Channel               
10226, 2/26/2004 0:00 ,4161.38, Shipped   ,1,2,2004,4,38,100.0, S18_1589   , Collectable Mini Designs Co.        
10241, 4/13/2004 0:00 ,2508.66, Shipped   ,2,4,2004,11,21,100.0, S18_1589   , Mini Caravy                         
10253, 6/1/2004 0:00  ,3374.88, Cancelled ,2,6,2004,1,24,100.0, S18_1589   ," ""UK Collectables Ltd.""             "
10266, 7/6/2004 0:00  ,5196.6, Shipped   ,3,7,2004,2,36,100.0, S18_1589   , L'ordine Souveniers                 
10278, 8/6/2004 0:00  ,2604.52, Shipped   ,3,8,2004,2,23,100.0, S18_1589   , Signal Gift Stores                  
10288, 9/1/2004 0:00  ,2936.8, Shipped   ,3,9,2004,14,20,100.0, S18_1589   , Handji Gifts& Co                    
10311, 10/16/2004 0:00,2923.2, Shipped   ,4,10,2004,9,29,100.0, S18_1589   , Euro Shopping Channel               
10321, 11/4/2004 0:00 ,4489.76, Shipped   ,4,11,2004,6,44,100.0, S18_1589   , FunGiftIdeas.com                    
10331, 11/17/2004 0:00,4849.24, Shipped   ,4,11,2004,14,44,100.0, S18_1589   , Motor Mint Distributors Inc.        
10343, 11/24/2004 0:00,5848.92, Shipped   ,4,11,2004,4,36,100.0, S18_1589   , Reims Collectables                  
10210, 1/12/2004 0:00 ,5719.5, Shipped   ,1,1,2004,17,31,100.0, S18_1662   , Osaka Souveniers Co.                
10222, 2/19/2004 0:00 ,6954.08, Shipped   ,1,2,2004,4,49,100.0, S18_1662   , Collectable Mini Designs Co.        
10250, 5/11/2004 0:00 ,8160.3, Shipped   ,2,5,2004,14,45,100.0, S18_1662   , The Sharp Gifts Warehouse           
10262, 6/24/2004 0:00 ,6567.96, Cancelled ,2,6,2004,9,49,100.0, S18_1662   , Euro Shopping Channel               
10274, 7/21/2004 0:00 ,6724.0, Shipped   ,3,7,2004,1,41,100.0, S18_1662   , Collectables For Less Inc.          
10284, 8/21/2004 0:00 ,5747.85, Shipped   ,3,8,2004,11,45,100.0, S18_1662   ," ""Norway Gifts By Mail Co.""         "
10296, 9/15/2004 0:00 ,5676.84, Shipped   ,3,9,2004,7,36,100.0, S18_1662   ," ""Bavarian Collectables Imports Co."""
10307, 10/14/2004 0:00,7379.97, Shipped   ,4,10,2004,1,39,100.0, S18_1662   ," ""Classic Gift Ideas Inc""           "
10316, 11/1/2004 0:00 ,3704.13, Shipped   ,4,11,2004,9,27,100.0, S18_1662   , giftsbymail.co.uk                   
10327, 11/10/2004 0:00,2804.75, Resolved  ,4,11,2004,6,25,100.0, S18_1662   , Danish Wholesale Imports            
10338, 11/22/2004 0:00,5624.79, Shipped   ,4,11,2004,1,41,100.0, S18_1662   , Royale Belge                        
10351, 12/3/2004 0:00 ,3881.28, Shipped   ,4,12,2004,1,39,99.52, S18_1662   ," ""Stylish Desk Decors Co.""          "
10214, 1/26/2004 0:00 ,5967.0, Shipped   ,1,1,2004,7,30,100.0, S18_1749   ," ""Corrida Auto Replicas Ltd""        "
10227, 3/2/2004 0:00  ,3712.8, Shipped   ,1,3,2004,10,26,100.0, S18_1749   ," ""Saveley & Henriot Co.""            "
10241, 4/13/2004 0:00 ,7597.3, Shipped   ,2,4,2004,2,41,100.0, S18_1749   , Mini Caravy                         
10280, 8/17/2004 0:00 ,3668.6, Shipped   ,3,8,2004,16,26,100.0, S18_1749   , Amica Models & Co.                  
10288, 9/1/2004 0:00  ,5875.2, Shipped   ,3,9,2004,5,32,100.0, S18_1749   , Handji Gifts& Co                    
10312, 10/21/2004 0:00,8078.4, Shipped   ,4,10,2004,17,48,100.0, S18_1749   , Mini Gifts Distributors Ltd.        
10331, 11/17/2004 0:00,3257.76, Shipped   ,4,11,2004,7,44,74.04, S18_1749   , Motor Mint Distributors Inc.        
10344, 11/25/2004 0:00,7650.0, Shipped   ,4,11,2004,1,45,100.0, S18_1749   , Marseille Mini Autos                
10212, 1/16/2004 0:00 ,1339.8, Shipped   ,1,1,2004,14,20,66.99, S18_1889   , Euro Shopping Channel               
10225, 2/22/2004 0:00 ,3039.96, Shipped   ,1,2,2004,5,47,64.68, S18_1889   ," ""Vida Sport Ltd""                   "
10239, 4/12/2004 0:00 ,3400.32, Shipped   ,2,4,2004,4,46,73.92, S18_1889   ," ""Oulu Toy Supplies Inc.""           "
10253, 6/1/2004 0:00  ,1930.39, Cancelled ,2,6,2004,9,23,83.93, S18_1889   ," ""UK Collectables Ltd.""             "
10266, 7/6/2004 0:00  ,2464.77, Shipped   ,3,7,2004,10,33,74.69, S18_1889   , L'ordine Souveniers                 
10278, 8/6/2004 0:00  ,2634.94, Shipped   ,3,8,2004,10,29,90.86, S18_1889   , Signal Gift Stores                  
10287, 8/30/2004 0:00 ,3625.16, Shipped   ,3,8,2004,8,44,82.39, S18_1889   ," ""Vida Sport Ltd""                   "
10310, 10/16/2004 0:00,1832.6, Shipped   ,4,10,2004,6,20,91.63, S18_1889   ," ""Toms Spezialitten Ltd""            "
10321, 11/4/2004 0:00 ,2905.98, Shipped   ,4,11,2004,14,37,78.54, S18_1889   , FunGiftIdeas.com                    
10329, 11/15/2004 0:00,2954.81, Shipped   ,4,11,2004,9,29,100.0, S18_1889   , Land of Toys Inc.                   
10342, 11/24/2004 0:00,3599.75, Shipped   ,4,11,2004,1,55,65.45, S18_1889   ," ""Australian Collectors Co.""        "
10212, 1/16/2004 0:00 ,4840.87, Shipped   ,1,1,2004,9,41,100.0, S18_1984   , Euro Shopping Channel               
10226, 2/26/2004 0:00 ,3892.08, Shipped   ,1,2,2004,7,24,100.0, S18_1984   , Collectable Mini Designs Co.        
10240, 4/13/2004 0:00 ,5526.32, Shipped   ,2,4,2004,2,37,100.0, S18_1984   , Osaka Souveniers Co.                
10253, 6/1/2004 0:00  ,4459.62, Cancelled ,2,6,2004,4,33,100.0, S18_1984   ," ""UK Collectables Ltd.""             "
10266, 7/6/2004 0:00  ,6203.4, Shipped   ,3,7,2004,5,49,100.0, S18_1984   , L'ordine Souveniers                 
10278, 8/6/2004 0:00  ,3754.05, Shipped   ,3,8,2004,5,29,100.0, S18_1984   , Signal Gift Stores                  
10287, 8/30/2004 0:00 ,3516.48, Shipped   ,3,8,2004,3,24,100.0, S18_1984   ," ""Vida Sport Ltd""                   "
10310, 10/16/2004 0:00,3448.08, Shipped   ,4,10,2004,1,24,100.0, S18_1984   ," ""Toms Spezialitten Ltd""            "
10321, 11/4/2004 0:00 ,3734.0, Shipped   ,4,11,2004,9,25,100.0, S18_1984   , FunGiftIdeas.com                    
10331, 11/17/2004 0:00,974.1, Shipped   ,4,11,2004,8,30,32.47, S18_1984   , Motor Mint Distributors Inc.        
10342, 11/24/2004 0:00,3160.74, Shipped   ,4,11,2004,3,22,100.0, S18_1984   ," ""Australian Collectors Co.""        "
10356, 12/9/2004 0:00 ,1746.63, Shipped   ,4,12,2004,2,27,64.69, S18_1984   , Lyon Souveniers                     
10219, 2/10/2004 0:00 ,8448.64, Shipped   ,1,2,2004,1,43,100.0, S18_2238   , Signal Collectibles Ltd.            
10230, 3/15/2004 0:00 ,7300.51, Shipped   ,1,3,2004,8,49,100.0, S18_2238   ," ""Blauer See Auto Co.""              "
10246, 5/5/2004 0:00  ,6549.2, Shipped   ,2,5,2004,4,40,100.0, S18_2238   , Euro Shopping Channel               
10259, 6/15/2004 0:00 ,5697.9, Shipped   ,2,6,2004,3,30,100.0, S18_2238   , Handji Gifts& Co                    
10271, 7/20/2004 0:00 ,9169.0, Shipped   ,3,7,2004,4,50,100.0, S18_2238   , Mini Gifts Distributors Ltd.        
10282, 8/20/2004 0:00 ,3238.63, Shipped   ,3,8,2004,13,23,100.0, S18_2238   , Mini Gifts Distributors Ltd.        
10292, 9/8/2004 0:00  ,4554.94, Shipped   ,3,9,2004,7,26,100.0, S18_2238   , Land of Toys Inc.                   
10305, 10/13/2004 0:00,3934.44, Shipped   ,4,10,2004,4,27,100.0, S18_2238   , Marta's Replicas Co.                
10314, 10/22/2004 0:00,5776.26, Shipped   ,4,10,2004,13,42,100.0, S18_2238   , Heintze Collectables                
10324, 11/5/2004 0:00 ,7207.45, Shipped   ,4,11,2004,8,47,100.0, S18_2238   , Vitachrome Inc.                     
10336, 11/20/2004 0:00,7460.74, Shipped   ,4,11,2004,6,49,100.0, S18_2238   ," ""La Corne D'abondance Co.""         "
10349, 12/1/2004 0:00 ,6719.54, Shipped   ,4,12,2004,8,38,100.0, S18_2238   , Muscle Machine Inc                  
10358, 12/10/2004 0:00,2428.0, Shipped   ,4,12,2004,10,20,100.0, S18_2238   , Euro Shopping Channel               
10214, 1/26/2004 0:00 ,1322.16, Shipped   ,1,1,2004,6,21,62.96, S18_2248   ," ""Corrida Auto Replicas Ltd""        "
10227, 3/2/2004 0:00  ,1423.8, Shipped   ,1,3,2004,9,28,50.85, S18_2248   ," ""Saveley & Henriot Co.""            "
10241, 4/13/2004 0:00 ,2397.45, Shipped   ,2,4,2004,1,33,72.65, S18_2248   , Mini Caravy                         
10280, 8/17/2004 0:00 ,1574.0, Shipped   ,3,8,2004,15,25,62.96, S18_2248   , Amica Models & Co.                  
10288, 9/1/2004 0:00  ,1729.0, Shipped   ,3,9,2004,4,28,61.75, S18_2248   , Handji Gifts& Co                    
10303, 10/6/2004 0:00 ,2255.84, Shipped   ,4,10,2004,2,46,49.04, S18_2248   ," ""Iberia Gift Imports Corp.""        "
10312, 10/21/2004 0:00,1834.5, Shipped   ,4,10,2004,16,30,61.15, S18_2248   , Mini Gifts Distributors Ltd.        
10332, 11/17/2004 0:00,3201.5, Shipped   ,4,11,2004,9,38,84.25, S18_2248   ," ""AV Stores Co.""                    "
10344, 11/25/2004 0:00,2276.4, Shipped   ,4,11,2004,2,40,56.91, S18_2248   , Marseille Mini Autos                
10229, 3/11/2004 0:00 ,3765.32, Shipped   ,1,3,2004,4,26,100.0, S18_2319   , Mini Gifts Distributors Ltd.        
10246, 5/5/2004 0:00  ,2159.96, Shipped   ,2,5,2004,8,22,98.18, S18_2319   , Euro Shopping Channel               
10259, 6/15/2004 0:00 ,3379.94, Shipped   ,2,6,2004,7,34,99.41, S18_2319   , Handji Gifts& Co                    
10271, 7/20/2004 0:00 ,5093.5, Shipped   ,3,7,2004,8,50,100.0, S18_2319   , Mini Gifts Distributors Ltd.        
10281, 8/19/2004 0:00 ,5773.44, Shipped   ,3,8,2004,4,48,100.0, S18_2319   , Diecast Classics Inc.               
10292, 9/8/2004 0:00  ,4528.86, Shipped   ,3,9,2004,11,41,100.0, S18_2319   , Land of Toys Inc.                   
10305, 10/13/2004 0:00,4816.08, Shipped   ,4,10,2004,8,36,100.0, S18_2319   , Marta's Replicas Co.                
10313, 10/22/2004 0:00,3416.78, Shipped   ,4,10,2004,2,29,100.0, S18_2319   , Canadian Gift Exchange Network      
10324, 11/5/2004 0:00 ,1236.84, Shipped   ,4,11,2004,10,33,37.48, S18_2319   , Vitachrome Inc.                     
10334, 11/19/2004 0:00,5814.86, On Hold   ,4,11,2004,6,46,100.0, S18_2319   ," ""Volvo Model Replicas Co""          "
10349, 12/1/2004 0:00 ,5223.48, Shipped   ,4,12,2004,7,38,100.0, S18_2319   , Muscle Machine Inc                  
10358, 12/10/2004 0:00,728.4, Shipped   ,4,12,2004,11,20,36.42, S18_2319   , Euro Shopping Channel               
10214, 1/26/2004 0:00 ,3604.23, Shipped   ,1,1,2004,4,27,100.0, S18_2325   ," ""Corrida Auto Replicas Ltd""        "
10227, 3/2/2004 0:00  ,7017.76, Shipped   ,1,3,2004,7,46,100.0, S18_2325   ," ""Saveley & Henriot Co.""            "
10243, 4/26/2004 0:00 ,6154.18, Shipped   ,2,4,2004,2,47,100.0, S18_2325   , Diecast Collectables                
10280, 8/17/2004 0:00 ,4750.8, Shipped   ,3,8,2004,13,37,100.0, S18_2325   , Amica Models & Co.                  
10288, 9/1/2004 0:00  ,3822.92, Shipped   ,3,9,2004,2,31,100.0, S18_2325   , Handji Gifts& Co                    
10304, 10/11/2004 0:00,2440.8, Shipped   ,4,10,2004,17,24,100.0, S18_2325   , Auto Assoc. & Cie.                  
10312, 10/21/2004 0:00,4729.36, Shipped   ,4,10,2004,14,31,100.0, S18_2325   , Mini Gifts Distributors Ltd.        
10322, 11/4/2004 0:00 ,12536.5, Shipped   ,4,11,2004,6,50,100.0, S18_2325   , Online Diecast Creations Co.        
10332, 11/17/2004 0:00,2264.15, Shipped   ,4,11,2004,8,35,64.69, S18_2325   ," ""AV Stores Co.""                    "
10344, 11/25/2004 0:00,3928.2, Shipped   ,4,11,2004,3,30,100.0, S18_2325   , Marseille Mini Autos                
10356, 12/9/2004 0:00 ,3630.22, Shipped   ,4,12,2004,3,29,100.0, S18_2325   , Lyon Souveniers                     
10217, 2/4/2004 0:00  ,2148.3, Shipped   ,1,2,2004,2,35,61.38, S18_2432   , Handji Gifts& Co                    
10229, 3/11/2004 0:00 ,1667.4, Shipped   ,1,3,2004,7,28,59.55, S18_2432   , Mini Gifts Distributors Ltd.        
10246, 5/5/2004 0:00  ,1859.7, Shipped   ,2,5,2004,11,30,61.99, S18_2432   , Euro Shopping Channel               
10259, 6/15/2004 0:00 ,1476.6, Shipped   ,2,6,2004,10,30,49.22, S18_2432   , Handji Gifts& Co                    
10271, 7/20/2004 0:00 ,1732.0, Shipped   ,3,7,2004,11,25,69.28, S18_2432   , Mini Gifts Distributors Ltd.        
10281, 8/19/2004 0:00 ,1674.17, Shipped   ,3,8,2004,7,29,57.73, S18_2432   , Diecast Classics Inc.               
10291, 9/8/2004 0:00  ,1500.98, Shipped   ,3,9,2004,2,26,57.73, S18_2432   , Scandinavian Gift Ideas             
10305, 10/13/2004 0:00,2192.68, Shipped   ,4,10,2004,11,41,53.48, S18_2432   , Marta's Replicas Co.                
10313, 10/22/2004 0:00,1797.58, Shipped   ,4,10,2004,5,34,52.87, S18_2432   , Canadian Gift Exchange Network      
10322, 11/4/2004 0:00 ,2142.35, Shipped   ,4,11,2004,11,35,61.21, S18_2432   , Online Diecast Creations Co.        
10334, 11/19/2004 0:00,2086.92, On Hold   ,4,11,2004,1,34,61.38, S18_2432   ," ""Volvo Model Replicas Co""          "
10347, 11/29/2004 0:00,6834.5, Shipped   ,4,11,2004,8,50,100.0, S18_2432   ," ""Australian Collectors Co.""        "
10357, 12/10/2004 0:00,2541.59, Shipped   ,4,12,2004,7,41,61.99, S18_2432   , Mini Gifts Distributors Ltd.        
10210, 1/12/2004 0:00 ,3844.0, Shipped   ,1,1,2004,7,50,76.88, S18_2581   , Osaka Souveniers Co.                
10223, 2/20/2004 0:00 ,4724.91, Shipped   ,1,2,2004,9,47,100.0, S18_2581   ," ""Australian Collectors Co.""        "
10235, 4/2/2004 0:00  ,1824.72, Shipped   ,2,4,2004,3,24,76.03, S18_2581   ," ""Royal Canadian Collectables Ltd."" "
10250, 5/11/2004 0:00 ,2668.68, Shipped   ,2,5,2004,4,27,98.84, S18_2581   , The Sharp Gifts Warehouse           
10263, 6/28/2004 0:00 ,2843.61, Shipped   ,2,6,2004,10,33,86.17, S18_2581   , Gift Depot Inc.                     
10275, 7/23/2004 0:00 ,3163.65, Shipped   ,3,7,2004,9,35,90.39, S18_2581   , La Rochelle Gifts                   
10284, 8/21/2004 0:00 ,2226.11, Shipped   ,3,8,2004,1,31,71.81, S18_2581   ," ""Norway Gifts By Mail Co.""         "
10297, 9/16/2004 0:00 ,2069.75, Shipped   ,3,9,2004,4,25,82.79, S18_2581   ," ""Clover Collections Co.""           "
10308, 10/15/2004 0:00,2235.33, Shipped   ,4,10,2004,7,27,82.79, S18_2581   , Mini Classics                       
10318, 11/2/2004 0:00 ,3116.43, Shipped   ,4,11,2004,9,31,100.0, S18_2581   , Diecast Classics Inc.               
10327, 11/10/2004 0:00,4781.7, Resolved  ,4,11,2004,8,45,100.0, S18_2581   , Danish Wholesale Imports            
10339, 11/23/2004 0:00,2810.7, Shipped   ,4,11,2004,2,27,100.0, S18_2581   ," ""Tokyo Collectables Ltd""           "
10353, 12/4/2004 0:00 ,3515.67, Shipped   ,4,12,2004,1,27,100.0, S18_2581   , Gift Ideas Corp.                    
10210, 1/12/2004 0:00 ,1986.8, Shipped   ,1,1,2004,3,40,49.67, S18_2625   , Osaka Souveniers Co.                
10223, 2/20/2004 0:00 ,1695.96, Shipped   ,1,2,2004,5,28,60.57, S18_2625   ," ""Australian Collectors Co.""        "
10236, 4/3/2004 0:00  ,1281.56, Shipped   ,2,4,2004,2,23,55.72, S18_2625   , Motor Mint Distributors Inc.        
10251, 5/18/2004 0:00 ,1774.22, Shipped   ,2,5,2004,6,29,61.18, S18_2625   , Tekni Collectables Inc.             
10263, 6/28/2004 0:00 ,1997.5, Shipped   ,2,6,2004,6,34,58.75, S18_2625   , Gift Depot Inc.                     
10275, 7/23/2004 0:00 ,2353.2, Shipped   ,3,7,2004,5,37,63.6, S18_2625   , La Rochelle Gifts                   
10285, 8/27/2004 0:00 ,981.2, Shipped   ,3,8,2004,10,20,49.06, S18_2625   , Marta's Replicas Co.                
10298, 9/27/2004 0:00 ,1550.72, Shipped   ,3,9,2004,2,32,48.46, S18_2625   , Atelier graphique                   
10308, 10/15/2004 0:00,1771.06, Shipped   ,4,10,2004,3,34,52.09, S18_2625   , Mini Classics                       
10318, 11/2/2004 0:00 ,2213.4, Shipped   ,4,11,2004,5,42,52.7, S18_2625   , Diecast Classics Inc.               
10329, 11/15/2004 0:00,5266.04, Shipped   ,4,11,2004,12,38,100.0, S18_2625   , Land of Toys Inc.                   
10339, 11/23/2004 0:00,1864.8, Shipped   ,4,11,2004,1,30,62.16, S18_2625   ," ""Tokyo Collectables Ltd""           "
10214, 1/26/2004 0:00 ,9534.5, Shipped   ,1,1,2004,1,50,100.0, S18_2795   ," ""Corrida Auto Replicas Ltd""        "
10227, 3/2/2004 0:00  ,5579.02, Shipped   ,1,3,2004,4,29,100.0, S18_2795   ," ""Saveley & Henriot Co.""            "
10244, 4/29/2004 0:00 ,5950.34, Shipped   ,2,4,2004,8,43,100.0, S18_2795   , Euro Shopping Channel               
10255, 6/4/2004 0:00  ,3726.0, Shipped   ,2,6,2004,1,24,100.0, S18_2795   , Mini Caravy                         
10280, 8/17/2004 0:00 ,4455.0, Shipped   ,3,8,2004,10,22,100.0, S18_2795   , Amica Models & Co.                  
10289, 9/3/2004 0:00  ,8272.34, Shipped   ,3,9,2004,3,43,100.0, S18_2795   , Herkku Gifts                        
10304, 10/11/2004 0:00,3577.6, Shipped   ,4,10,2004,14,20,100.0, S18_2795   , Auto Assoc. & Cie.                  
10312, 10/21/2004 0:00,3881.25, Shipped   ,4,10,2004,11,25,100.0, S18_2795   , Mini Gifts Distributors Ltd.        
10322, 11/4/2004 0:00 ,5797.44, Shipped   ,4,11,2004,2,36,100.0, S18_2795   , Online Diecast Creations Co.        
10332, 11/17/2004 0:00,1264.08, Shipped   ,4,11,2004,1,24,52.67, S18_2795   ," ""AV Stores Co.""                    "
10347, 11/29/2004 0:00,4815.3, Shipped   ,4,11,2004,6,21,100.0, S18_2795   ," ""Australian Collectors Co.""        "
10356, 12/9/2004 0:00 ,4462.2, Shipped   ,4,12,2004,1,30,100.0, S18_2795   , Lyon Souveniers                     
10212, 1/16/2004 0:00 ,4910.4, Shipped   ,1,1,2004,7,40,100.0, S18_2870   , Euro Shopping Channel               
10226, 2/26/2004 0:00 ,3231.36, Shipped   ,1,2,2004,5,24,100.0, S18_2870   , Collectable Mini Designs Co.        
10241, 4/13/2004 0:00 ,6853.44, Shipped   ,2,4,2004,12,44,100.0, S18_2870   , Mini Caravy                         
10253, 6/1/2004 0:00  ,5177.04, Cancelled ,2,6,2004,2,37,100.0, S18_2870   ," ""UK Collectables Ltd.""             "
10266, 7/6/2004 0:00  ,2824.8, Shipped   ,3,7,2004,3,20,100.0, S18_2870   , L'ordine Souveniers                 
10278, 8/6/2004 0:00  ,4324.32, Shipped   ,3,8,2004,3,39,100.0, S18_2870   , Signal Gift Stores                  
10287, 8/30/2004 0:00 ,5052.96, Shipped   ,3,8,2004,1,44,100.0, S18_2870   ," ""Vida Sport Ltd""                   "
10311, 10/16/2004 0:00,5278.68, Shipped   ,4,10,2004,10,43,100.0, S18_2870   , Euro Shopping Channel               
10321, 11/4/2004 0:00 ,2851.2, Shipped   ,4,11,2004,7,27,100.0, S18_2870   , FunGiftIdeas.com                    
10331, 11/17/2004 0:00,1687.4, Shipped   ,4,11,2004,10,26,64.9, S18_2870   , Motor Mint Distributors Inc.        
10343, 11/24/2004 0:00,1308.0, Shipped   ,4,11,2004,3,25,52.32, S18_2870   , Reims Collectables                  
10215, 1/29/2004 0:00 ,5510.05, Shipped   ,1,1,2004,4,49,100.0, S18_2949   , West Coast Collectables Co.         
10228, 3/10/2004 0:00 ,2504.4, Shipped   ,1,3,2004,3,24,100.0, S18_2949   , Cambridge Collectables Co.          
10244, 4/29/2004 0:00 ,3525.6, Shipped   ,2,4,2004,1,30,100.0, S18_2949   , Euro Shopping Channel               
10257, 6/14/2004 0:00 ,4407.0, Shipped   ,2,6,2004,1,50,88.14, S18_2949   , The Sharp Gifts Warehouse           
10270, 7/19/2004 0:00 ,2983.44, Shipped   ,3,7,2004,10,31,96.24, S18_2949   , Souveniers And Things Co.           
10280, 8/17/2004 0:00 ,5126.24, Shipped   ,3,8,2004,3,46,100.0, S18_2949   , Amica Models & Co.                  
10291, 9/8/2004 0:00  ,5713.79, Shipped   ,3,9,2004,12,47,100.0, S18_2949   , Scandinavian Gift Ideas             
10304, 10/11/2004 0:00,4613.8, Shipped   ,4,10,2004,7,46,100.0, S18_2949   , Auto Assoc. & Cie.                  
10312, 10/21/2004 0:00,3711.1, Shipped   ,4,10,2004,4,37,100.0, S18_2949   , Mini Gifts Distributors Ltd.        
10322, 11/4/2004 0:00 ,3524.73, Shipped   ,4,11,2004,12,33,100.0, S18_2949   , Online Diecast Creations Co.        
10333, 11/18/2004 0:00,2795.27, Shipped   ,4,11,2004,5,31,90.17, S18_2949   , Mini Wheels Co.                     
10347, 11/29/2004 0:00,4814.4, Shipped   ,4,11,2004,9,48,100.0, S18_2949   ," ""Australian Collectors Co.""        "
10357, 12/10/2004 0:00,3572.33, Shipped   ,4,12,2004,6,41,87.13, S18_2949   , Mini Gifts Distributors Ltd.        
10215, 1/29/2004 0:00 ,1820.01, Shipped   ,1,1,2004,6,31,58.71, S18_2957   , West Coast Collectables Co.         
10228, 3/10/2004 0:00 ,2866.95, Shipped   ,1,3,2004,5,45,63.71, S18_2957   , Cambridge Collectables Co.          
10244, 4/29/2004 0:00 ,1394.16, Shipped   ,2,4,2004,3,24,58.09, S18_2957   , Euro Shopping Channel               
10257, 6/14/2004 0:00 ,2632.28, Shipped   ,2,6,2004,3,49,53.72, S18_2957   , The Sharp Gifts Warehouse           
10269, 7/16/2004 0:00 ,2018.56, Shipped   ,3,7,2004,1,32,63.08, S18_2957   , Salzburg Collectables               
10280, 8/17/2004 0:00 ,2954.53, Shipped   ,3,8,2004,5,43,68.71, S18_2957   , Amica Models & Co.                  
10291, 9/8/2004 0:00  ,1871.83, Shipped   ,3,9,2004,14,37,50.59, S18_2957   , Scandinavian Gift Ideas             
10304, 10/11/2004 0:00,1559.04, Shipped   ,4,10,2004,9,24,64.96, S18_2957   , Auto Assoc. & Cie.                  
10312, 10/21/2004 0:00,1880.2, Shipped   ,4,10,2004,6,35,53.72, S18_2957   , Mini Gifts Distributors Ltd.        
10322, 11/4/2004 0:00 ,1224.67, Shipped   ,4,11,2004,13,41,29.87, S18_2957   , Online Diecast Creations Co.        
10332, 11/17/2004 0:00,2979.08, Shipped   ,4,11,2004,17,26,100.0, S18_2957   ," ""AV Stores Co.""                    "
10347, 11/29/2004 0:00,2208.64, Shipped   ,4,11,2004,10,34,64.96, S18_2957   ," ""Australian Collectors Co.""        "
10357, 12/10/2004 0:00,3458.42, Shipped   ,4,12,2004,5,49,70.58, S18_2957   , Mini Gifts Distributors Ltd.        
10209, 1/9/2004 0:00  ,2817.92, Shipped   ,1,1,2004,6,28,100.0, S18_3029   ," ""Men 'R' US Retailers Ltd.""        "
10222, 2/19/2004 0:00 ,4636.38, Shipped   ,1,2,2004,10,49,94.62, S18_3029   , Collectable Mini Designs Co.        
10248, 5/7/2004 0:00  ,1553.58, Cancelled ,2,5,2004,1,21,73.98, S18_3029   , Land of Toys Inc.                   
10262, 6/24/2004 0:00 ,2697.6, Cancelled ,2,6,2004,15,32,84.3, S18_3029   , Euro Shopping Channel               
10273, 7/21/2004 0:00 ,3334.04, Shipped   ,3,7,2004,2,34,98.06, S18_3029   , Petit Auto                          
10283, 8/20/2004 0:00 ,2059.26, Shipped   ,3,8,2004,4,21,98.06, S18_3029   ," ""Royal Canadian Collectables Ltd."" "
10296, 9/15/2004 0:00 ,2023.14, Shipped   ,3,9,2004,13,21,96.34, S18_3029   ," ""Bavarian Collectables Imports Co."""
10307, 10/14/2004 0:00,2586.64, Shipped   ,4,10,2004,7,31,83.44, S18_3029   ," ""Classic Gift Ideas Inc""           "
10316, 11/1/2004 0:00 ,1987.02, Shipped   ,4,11,2004,15,21,94.62, S18_3029   , giftsbymail.co.uk                   
10327, 11/10/2004 0:00,1146.5, Resolved  ,4,11,2004,5,25,45.86, S18_3029   , Danish Wholesale Imports            
10338, 11/22/2004 0:00,2312.24, Shipped   ,4,11,2004,3,28,82.58, S18_3029   , Royale Belge                        
10350, 12/2/2004 0:00 ,2793.71, Shipped   ,4,12,2004,6,43,64.97, S18_3029   , Euro Shopping Channel               
10215, 1/29/2004 0:00 ,5285.14, Shipped   ,1,1,2004,5,49,100.0, S18_3136   , West Coast Collectables Co.         
10228, 3/10/2004 0:00 ,3181.53, Shipped   ,1,3,2004,4,31,100.0, S18_3136   , Cambridge Collectables Co.          
10244, 4/29/2004 0:00 ,3340.51, Shipped   ,2,4,2004,2,29,100.0, S18_3136   , Euro Shopping Channel               
10257, 6/14/2004 0:00 ,3138.34, Shipped   ,2,6,2004,2,37,84.82, S18_3136   , The Sharp Gifts Warehouse           
10270, 7/19/2004 0:00 ,4775.08, Shipped   ,3,7,2004,11,38,100.0, S18_3136   , Souveniers And Things Co.           
10280, 8/17/2004 0:00 ,3006.43, Shipped   ,3,8,2004,4,29,100.0, S18_3136   , Amica Models & Co.                  
10291, 9/8/2004 0:00  ,2866.26, Shipped   ,3,9,2004,13,23,100.0, S18_3136   , Scandinavian Gift Ideas             
10304, 10/11/2004 0:00,2232.62, Shipped   ,4,10,2004,8,26,85.87, S18_3136   , Auto Assoc. & Cie.                  
10312, 10/21/2004 0:00,4457.02, Shipped   ,4,10,2004,5,38,100.0, S18_3136   , Mini Gifts Distributors Ltd.        
10322, 11/4/2004 0:00 ,2257.92, Shipped   ,4,11,2004,7,48,47.04, S18_3136   , Online Diecast Creations Co.        
10332, 11/17/2004 0:00,1592.0, Shipped   ,4,11,2004,18,40,39.8, S18_3136   ," ""AV Stores Co.""                    "
10347, 11/29/2004 0:00,4948.2, Shipped   ,4,11,2004,11,45,100.0, S18_3136   ," ""Australian Collectors Co.""        "
10357, 12/10/2004 0:00,5160.76, Shipped   ,4,12,2004,4,44,100.0, S18_3136   , Mini Gifts Distributors Ltd.        
10208, 1/2/2004 0:00  ,2622.48, Shipped   ,1,1,2004,9,24,100.0, S18_3140   ," ""Saveley & Henriot Co.""            "
10221, 2/18/2004 0:00 ,4417.38, Shipped   ,1,2,2004,3,33,100.0, S18_3140   , Petit Auto                          
10232, 3/20/2004 0:00 ,3606.02, Shipped   ,1,3,2004,6,22,100.0, S18_3140   , giftsbymail.co.uk                   
10248, 5/7/2004 0:00  ,3802.56, Cancelled ,2,5,2004,12,32,100.0, S18_3140   , Land of Toys Inc.                   
10273, 7/21/2004 0:00 ,5026.4, Shipped   ,3,7,2004,13,40,100.0, S18_3140   , Petit Auto                          
10282, 8/20/2004 0:00 ,6695.53, Shipped   ,3,8,2004,1,43,100.0, S18_3140   , Mini Gifts Distributors Ltd.        
10293, 9/9/2004 0:00  ,2819.28, Shipped   ,3,9,2004,4,24,100.0, S18_3140   , Amica Models & Co.                  
10306, 10/14/2004 0:00,3759.04, Shipped   ,4,10,2004,9,32,100.0, S18_3140   ," ""AV Stores Co.""                    "
10314, 10/22/2004 0:00,2731.8, Shipped   ,4,10,2004,1,20,100.0, S18_3140   , Heintze Collectables                
10325, 11/5/2004 0:00 ,1658.88, Shipped   ,4,11,2004,9,24,69.12, S18_3140   , Baane Mini Imports                  
10336, 11/20/2004 0:00,5778.24, Shipped   ,4,11,2004,12,48,100.0, S18_3140   ," ""La Corne D'abondance Co.""         "
10350, 12/2/2004 0:00 ,5191.12, Shipped   ,4,12,2004,1,44,100.0, S18_3140   , Euro Shopping Channel               
10212, 1/16/2004 0:00 ,5554.4, Shipped   ,1,1,2004,11,40,100.0, S18_3232   , Euro Shopping Channel               
10225, 2/22/2004 0:00 ,6407.86, Shipped   ,1,2,2004,2,43,100.0, S18_3232   ," ""Vida Sport Ltd""                   "
10229, 3/11/2004 0:00 ,4172.52, Shipped   ,1,3,2004,5,22,100.0, S18_3232   , Mini Gifts Distributors Ltd.        
10239, 4/12/2004 0:00 ,7083.37, Shipped   ,2,4,2004,1,47,100.0, S18_3232   ," ""Oulu Toy Supplies Inc.""           "
10246, 5/5/2004 0:00  ,7132.68, Shipped   ,2,5,2004,9,36,100.0, S18_3232   , Euro Shopping Channel               
10253, 6/1/2004 0:00  ,6773.6, Cancelled ,2,6,2004,6,40,100.0, S18_3232   ," ""UK Collectables Ltd.""             "
10259, 6/15/2004 0:00 ,3657.69, Shipped   ,2,6,2004,8,27,100.0, S18_3232   , Handji Gifts& Co                    
10266, 7/6/2004 0:00  ,4812.55, Shipped   ,3,7,2004,7,29,100.0, S18_3232   , L'ordine Souveniers                 
10271, 7/20/2004 0:00 ,3928.6, Shipped   ,3,7,2004,9,20,100.0, S18_3232   , Mini Gifts Distributors Ltd.        
10278, 8/6/2004 0:00  ,6401.22, Shipped   ,3,8,2004,7,42,100.0, S18_3232   , Signal Gift Stores                  
10281, 8/19/2004 0:00 ,4191.25, Shipped   ,3,8,2004,5,25,100.0, S18_3232   , Diecast Classics Inc.               
10287, 8/30/2004 0:00 ,5852.52, Shipped   ,3,8,2004,5,36,100.0, S18_3232   ," ""Vida Sport Ltd""                   "
10292, 9/8/2004 0:00  ,2844.87, Shipped   ,3,9,2004,12,21,100.0, S18_3232   , Land of Toys Inc.                   
10305, 10/13/2004 0:00,7455.87, Shipped   ,4,10,2004,9,37,100.0, S18_3232   , Marta's Replicas Co.                
10310, 10/16/2004 0:00,8940.96, Shipped   ,4,10,2004,3,48,100.0, S18_3232   ," ""Toms Spezialitten Ltd""            "
10313, 10/22/2004 0:00,4572.25, Shipped   ,4,10,2004,3,25,100.0, S18_3232   , Canadian Gift Exchange Network      
10321, 11/4/2004 0:00 ,5700.09, Shipped   ,4,11,2004,11,33,100.0, S18_3232   , FunGiftIdeas.com                    
10324, 11/5/2004 0:00 ,3155.49, Shipped   ,4,11,2004,12,27,100.0, S18_3232   , Vitachrome Inc.                     
10331, 11/17/2004 0:00,4170.69, Shipped   ,4,11,2004,11,27,100.0, S18_3232   , Motor Mint Distributors Inc.        
10334, 11/19/2004 0:00,2878.8, On Hold   ,4,11,2004,3,20,100.0, S18_3232   ," ""Volvo Model Replicas Co""          "
10342, 11/24/2004 0:00,5029.5, Shipped   ,4,11,2004,4,30,100.0, S18_3232   ," ""Australian Collectors Co.""        "
10349, 12/1/2004 0:00 ,7396.8, Shipped   ,4,12,2004,6,48,100.0, S18_3232   , Muscle Machine Inc                  
10358, 12/10/2004 0:00,2991.68, Shipped   ,4,12,2004,12,32,93.49, S18_3232   , Euro Shopping Channel               
10208, 1/2/2004 0:00  ,5614.56, Shipped   ,1,1,2004,11,48,100.0, S18_3259   ," ""Saveley & Henriot Co.""            "
10221, 2/18/2004 0:00 ,1855.41, Shipped   ,1,2,2004,5,23,80.67, S18_3259   , Petit Auto                          
10232, 3/20/2004 0:00 ,4598.4, Shipped   ,1,3,2004,8,48,95.8, S18_3259   , giftsbymail.co.uk                   
10248, 5/7/2004 0:00  ,5082.42, Cancelled ,2,5,2004,14,42,100.0, S18_3259   , Land of Toys Inc.                   
10273, 7/21/2004 0:00 ,5450.59, Shipped   ,3,7,2004,15,47,100.0, S18_3259   , Petit Auto                          
10282, 8/20/2004 0:00 ,4174.92, Shipped   ,3,8,2004,3,36,100.0, S18_3259   , Mini Gifts Distributors Ltd.        
10293, 9/9/2004 0:00  ,2418.24, Shipped   ,3,9,2004,6,22,100.0, S18_3259   , Amica Models & Co.                  
10306, 10/14/2004 0:00,3670.4, Shipped   ,4,10,2004,11,40,91.76, S18_3259   ," ""AV Stores Co.""                    "
10314, 10/22/2004 0:00,2481.7, Shipped   ,4,10,2004,3,23,100.0, S18_3259   , Heintze Collectables                
10326, 11/9/2004 0:00 ,3807.68, Shipped   ,4,11,2004,6,32,100.0, S18_3259   ," ""Volvo Model Replicas Co""          "
10336, 11/20/2004 0:00,2230.41, Shipped   ,4,11,2004,7,21,100.0, S18_3259   ," ""La Corne D'abondance Co.""         "
10350, 12/2/2004 0:00 ,3814.64, Shipped   ,4,12,2004,2,41,93.04, S18_3259   , Euro Shopping Channel               
10211, 1/15/2004 0:00 ,2730.0, Shipped   ,1,1,2004,5,35,78.0, S18_3278   , Auto Canal Petit                    
10225, 2/22/2004 0:00 ,3540.53, Shipped   ,1,2,2004,12,37,95.69, S18_3278   ," ""Vida Sport Ltd""                   "
10238, 4/9/2004 0:00  ,2999.97, Shipped   ,2,4,2004,6,41,73.17, S18_3278   , Danish Wholesale Imports            
10252, 5/26/2004 0:00 ,1527.8, Shipped   ,2,5,2004,2,20,76.39, S18_3278   , Auto Canal Petit                    
10265, 7/2/2004 0:00  ,3907.8, Shipped   ,3,7,2004,2,45,86.84, S18_3278   ," ""Australian Collectables Ltd""      "
10276, 8/2/2004 0:00  ,2658.48, Shipped   ,3,8,2004,6,38,69.96, S18_3278   , Online Mini Collectables            
10287, 8/30/2004 0:00 ,3042.68, Shipped   ,3,8,2004,15,43,70.76, S18_3278   ," ""Vida Sport Ltd""                   "
10310, 10/16/2004 0:00,2171.07, Shipped   ,4,10,2004,13,27,80.41, S18_3278   ," ""Toms Spezialitten Ltd""            "
10319, 11/3/2004 0:00 ,3403.08, Shipped   ,4,11,2004,1,46,73.98, S18_3278   , Microscale Inc.                     
10329, 11/15/2004 0:00,2245.8, Shipped   ,4,11,2004,10,38,59.1, S18_3278   , Land of Toys Inc.                   
10342, 11/24/2004 0:00,1668.5, Shipped   ,4,11,2004,5,25,66.74, S18_3278   ," ""Australian Collectors Co.""        "
10215, 1/29/2004 0:00 ,4555.92, Shipped   ,1,1,2004,8,41,100.0, S18_3320   , West Coast Collectables Co.         
10227, 3/2/2004 0:00  ,3666.96, Shipped   ,1,3,2004,1,33,100.0, S18_3320   ," ""Saveley & Henriot Co.""            "
10244, 4/29/2004 0:00 ,3035.88, Shipped   ,2,4,2004,5,36,84.33, S18_3320   , Euro Shopping Channel               
10257, 6/14/2004 0:00 ,2321.54, Shipped   ,2,6,2004,5,26,89.29, S18_3320   , The Sharp Gifts Warehouse           
10280, 8/17/2004 0:00 ,3474.46, Shipped   ,3,8,2004,7,34,100.0, S18_3320   , Amica Models & Co.                  
10290, 9/7/2004 0:00  ,2501.98, Shipped   ,3,9,2004,2,26,96.23, S18_3320   , Auto-Moto Classics Inc.             
10304, 10/11/2004 0:00,3958.46, Shipped   ,4,10,2004,11,38,100.0, S18_3320   , Auto Assoc. & Cie.                  
10312, 10/21/2004 0:00,3535.95, Shipped   ,4,10,2004,8,33,100.0, S18_3320   , Mini Gifts Distributors Ltd.        
10323, 11/5/2004 0:00 ,3011.91, Shipped   ,4,11,2004,2,33,91.27, S18_3320   ," ""Blauer See Auto Co.""              "
10333, 11/18/2004 0:00,11336.7, Shipped   ,4,11,2004,2,46,100.0, S18_3320   , Mini Wheels Co.                     
10347, 11/29/2004 0:00,2656.94, Shipped   ,4,11,2004,12,26,100.0, S18_3320   ," ""Australian Collectors Co.""        "
10357, 12/10/2004 0:00,2604.25, Shipped   ,4,12,2004,3,25,100.0, S18_3320   , Mini Gifts Distributors Ltd.        
10211, 1/15/2004 0:00 ,3745.28, Shipped   ,1,1,2004,4,28,100.0, S18_3482   , Auto Canal Petit                    
10225, 2/22/2004 0:00 ,4564.08, Shipped   ,1,2,2004,11,27,100.0, S18_3482   ," ""Vida Sport Ltd""                   "
10238, 4/9/2004 0:00  ,6554.24, Shipped   ,2,4,2004,5,49,100.0, S18_3482   , Danish Wholesale Imports            
10252, 5/26/2004 0:00 ,6749.83, Shipped   ,2,5,2004,1,41,100.0, S18_3482   , Auto Canal Petit                    
10265, 7/2/2004 0:00  ,8427.02, Shipped   ,3,7,2004,1,49,100.0, S18_3482   ," ""Australian Collectables Ltd""      "
10276, 8/2/2004 0:00  ,3924.6, Shipped   ,3,8,2004,5,30,100.0, S18_3482   , Online Mini Collectables            
10287, 8/30/2004 0:00 ,6761.6, Shipped   ,3,8,2004,14,40,100.0, S18_3482   ," ""Vida Sport Ltd""                   "
10310, 10/16/2004 0:00,6266.12, Shipped   ,4,10,2004,12,49,100.0, S18_3482   ," ""Toms Spezialitten Ltd""            "
10320, 11/3/2004 0:00 ,3491.0, Shipped   ,4,11,2004,5,25,100.0, S18_3482   ," ""Volvo Model Replicas Co""          "
10330, 11/16/2004 0:00,4405.22, Shipped   ,4,11,2004,3,37,100.0, S18_3482   , Cruz & Sons Co.                     
10342, 11/24/2004 0:00,6548.3, Shipped   ,4,11,2004,7,55,100.0, S18_3482   ," ""Australian Collectors Co.""        "
10355, 12/7/2004 0:00 ,3177.91, Shipped   ,4,12,2004,7,23,100.0, S18_3482   , Euro Shopping Channel               
10212, 1/16/2004 0:00 ,6357.6, Shipped   ,1,1,2004,8,45,100.0, S18_3685   , Euro Shopping Channel               
10226, 2/26/2004 0:00 ,7343.9, Shipped   ,1,2,2004,6,46,100.0, S18_3685   , Collectable Mini Designs Co.        
10240, 4/13/2004 0:00 ,5959.22, Shipped   ,2,4,2004,1,37,100.0, S18_3685   , Osaka Souveniers Co.                
10253, 6/1/2004 0:00  ,4029.38, Cancelled ,2,6,2004,3,31,100.0, S18_3685   ," ""UK Collectables Ltd.""             "
10266, 7/6/2004 0:00  ,5035.14, Shipped   ,3,7,2004,4,33,100.0, S18_3685   , L'ordine Souveniers                 
10278, 8/6/2004 0:00  ,4116.8, Shipped   ,3,8,2004,4,31,100.0, S18_3685   , Signal Gift Stores                  
10287, 8/30/2004 0:00 ,4310.55, Shipped   ,3,8,2004,2,27,100.0, S18_3685   ," ""Vida Sport Ltd""                   "
10311, 10/16/2004 0:00,3616.64, Shipped   ,4,10,2004,11,32,100.0, S18_3685   , Euro Shopping Channel               
10321, 11/4/2004 0:00 ,4232.76, Shipped   ,4,11,2004,8,28,100.0, S18_3685   , FunGiftIdeas.com                    
10331, 11/17/2004 0:00,1765.66, Shipped   ,4,11,2004,12,26,67.91, S18_3685   , Motor Mint Distributors Inc.        
10343, 11/24/2004 0:00,3734.72, Shipped   ,4,11,2004,2,44,84.88, S18_3685   , Reims Collectables                  
10211, 1/15/2004 0:00 ,2488.14, Shipped   ,1,1,2004,8,46,54.09, S18_3782   , Auto Canal Petit                    
10224, 2/21/2004 0:00 ,2220.72, Shipped   ,1,2,2004,1,38,58.44, S18_3782   , Daedalus Designs Imports            
10237, 4/5/2004 0:00  ,1357.72, Shipped   ,2,4,2004,1,26,52.22, S18_3782   , Vitachrome Inc.                     
10252, 5/26/2004 0:00 ,1638.04, Shipped   ,2,5,2004,5,31,52.84, S18_3782   , Auto Canal Petit                    
10264, 6/30/2004 0:00 ,2626.08, Shipped   ,2,6,2004,3,48,54.71, S18_3782   , Gifts4AllAges.com                   
10276, 8/2/2004 0:00  ,1661.88, Shipped   ,3,8,2004,9,33,50.36, S18_3782   , Online Mini Collectables            
10286, 8/28/2004 0:00 ,2173.6, Shipped   ,3,8,2004,1,38,57.2, S18_3782   ," ""La Corne D'abondance Co.""         "
10299, 9/30/2004 0:00 ,2182.05, Shipped   ,3,9,2004,3,39,55.95, S18_3782   ," ""Toys of Finland Co.""              "
10310, 10/16/2004 0:00,2819.88, Shipped   ,4,10,2004,16,42,67.14, S18_3782   ," ""Toms Spezialitten Ltd""            "
10319, 11/3/2004 0:00 ,2598.64, Shipped   ,4,11,2004,4,44,59.06, S18_3782   , Microscale Inc.                     
10330, 11/16/2004 0:00,2019.27, Shipped   ,4,11,2004,2,29,69.63, S18_3782   , Cruz & Sons Co.                     
10342, 11/24/2004 0:00,1454.7, Shipped   ,4,11,2004,8,26,55.95, S18_3782   ," ""Australian Collectors Co.""        "
10355, 12/7/2004 0:00 ,1657.57, Shipped   ,4,12,2004,1,31,53.47, S18_3782   , Euro Shopping Channel               
10209, 1/9/2004 0:00  ,2498.6, Shipped   ,1,1,2004,5,20,100.0, S18_3856   ," ""Men 'R' US Retailers Ltd.""        "
10222, 2/19/2004 0:00 ,3858.75, Shipped   ,1,2,2004,9,45,85.75, S18_3856   , Collectable Mini Designs Co.        
10249, 5/8/2004 0:00  ,5600.5, Shipped   ,2,5,2004,5,46,100.0, S18_3856   , Cambridge Collectables Co.          
10262, 6/24/2004 0:00 ,4103.46, Cancelled ,2,6,2004,14,34,100.0, S18_3856   , Euro Shopping Channel               
10273, 7/21/2004 0:00 ,4287.5, Shipped   ,3,7,2004,1,50,85.75, S18_3856   , Petit Auto                          
10283, 8/20/2004 0:00 ,5795.54, Shipped   ,3,8,2004,3,46,100.0, S18_3856   ," ""Royal Canadian Collectables Ltd."" "
10296, 9/15/2004 0:00 ,1863.4, Shipped   ,3,9,2004,12,22,84.7, S18_3856   ," ""Bavarian Collectables Imports Co."""
10307, 10/14/2004 0:00,4166.88, Shipped   ,4,10,2004,6,48,86.81, S18_3856   ," ""Classic Gift Ideas Inc""           "
10316, 11/1/2004 0:00 ,4080.07, Shipped   ,4,11,2004,14,47,86.81, S18_3856   , giftsbymail.co.uk                   
10328, 11/12/2004 0:00,3815.48, Shipped   ,4,11,2004,6,34,100.0, S18_3856   , Rovelli Gifts                       
10338, 11/22/2004 0:00,5526.45, Shipped   ,4,11,2004,2,45,100.0, S18_3856   , Royale Belge                        
10351, 12/3/2004 0:00 ,3374.6, Shipped   ,4,12,2004,2,20,100.0, S18_3856   ," ""Stylish Desk Decors Co.""          "
10220, 2/12/2004 0:00 ,8258.0, Shipped   ,1,2,2004,5,50,100.0, S18_4027   ," ""Clover Collections Co.""           "
10230, 3/15/2004 0:00 ,7238.28, Shipped   ,1,3,2004,3,42,100.0, S18_4027   ," ""Blauer See Auto Co.""              "
10247, 5/5/2004 0:00  ,6756.0, Shipped   ,2,5,2004,5,48,100.0, S18_4027   , Suominen Souveniers                 
10272, 7/20/2004 0:00 ,3734.0, Shipped   ,3,7,2004,5,25,100.0, S18_4027   , Diecast Classics Inc.               
10282, 8/20/2004 0:00 ,4674.8, Shipped   ,3,8,2004,8,31,100.0, S18_4027   , Mini Gifts Distributors Ltd.        
10292, 9/8/2004 0:00  ,7140.76, Shipped   ,3,9,2004,2,44,100.0, S18_4027   , Land of Toys Inc.                   
10306, 10/14/2004 0:00,3600.65, Shipped   ,4,10,2004,16,23,100.0, S18_4027   ," ""AV Stores Co.""                    "
10314, 10/22/2004 0:00,4206.74, Shipped   ,4,10,2004,8,29,100.0, S18_4027   , Heintze Collectables                
10324, 11/5/2004 0:00 ,5379.71, Shipped   ,4,11,2004,13,49,100.0, S18_4027   , Vitachrome Inc.                     
10337, 11/21/2004 0:00,5679.36, Shipped   ,4,11,2004,3,36,100.0, S18_4027   , Classic Legends Inc.                
10349, 12/1/2004 0:00 ,4394.84, Shipped   ,4,12,2004,5,34,100.0, S18_4027   , Muscle Machine Inc                  
10358, 12/10/2004 0:00,2528.25, Shipped   ,4,12,2004,13,25,100.0, S18_4027   , Euro Shopping Channel               
10213, 1/22/2004 0:00 ,3602.02, Shipped   ,1,1,2004,1,38,94.79, S18_4409   ," ""Double Decker Gift Stores Ltd""    "
10227, 3/2/2004 0:00  ,3566.94, Shipped   ,1,3,2004,11,34,100.0, S18_4409   ," ""Saveley & Henriot Co.""            "
10241, 4/13/2004 0:00 ,3787.98, Shipped   ,2,4,2004,3,42,90.19, S18_4409   , Mini Caravy                         
10280, 8/17/2004 0:00 ,3704.05, Shipped   ,3,8,2004,17,35,100.0, S18_4409   , Amica Models & Co.                  
10288, 9/1/2004 0:00  ,2834.65, Shipped   ,3,9,2004,6,35,80.99, S18_4409   , Handji Gifts& Co                    
10311, 10/16/2004 0:00,3358.31, Shipped   ,4,10,2004,1,41,81.91, S18_4409   , Euro Shopping Channel               
10332, 11/17/2004 0:00,7310.0, Shipped   ,4,11,2004,2,50,100.0, S18_4409   ," ""AV Stores Co.""                    "
10344, 11/25/2004 0:00,2203.11, Shipped   ,4,11,2004,4,21,100.0, S18_4409   , Marseille Mini Autos                
10208, 1/2/2004 0:00  ,3949.65, Shipped   ,1,1,2004,8,45,87.77, S18_4522   ," ""Saveley & Henriot Co.""            "
10221, 2/18/2004 0:00 ,3491.67, Shipped   ,1,2,2004,2,39,89.53, S18_4522   , Petit Auto                          
10232, 3/20/2004 0:00 ,2059.19, Shipped   ,1,3,2004,5,23,89.53, S18_4522   , giftsbymail.co.uk                   
10248, 5/7/2004 0:00  ,3170.16, Cancelled ,2,5,2004,11,42,75.48, S18_4522   , Land of Toys Inc.                   
10261, 6/17/2004 0:00 ,1790.6, Shipped   ,2,6,2004,9,20,89.53, S18_4522   , Quebec Home Shopping Network        
10273, 7/21/2004 0:00 ,2345.97, Shipped   ,3,7,2004,12,33,71.09, S18_4522   , Petit Auto                          
10283, 8/20/2004 0:00 ,3580.88, Shipped   ,3,8,2004,14,34,100.0, S18_4522   ," ""Royal Canadian Collectables Ltd."" "
10293, 9/9/2004 0:00  ,4946.06, Shipped   ,3,9,2004,3,49,100.0, S18_4522   , Amica Models & Co.                  
10306, 10/14/2004 0:00,3525.6, Shipped   ,4,10,2004,8,39,90.4, S18_4522   ," ""AV Stores Co.""                    "
10315, 10/29/2004 0:00,3602.16, Shipped   ,4,10,2004,7,36,100.0, S18_4522   , La Rochelle Gifts                   
10326, 11/9/2004 0:00 ,4300.5, Shipped   ,4,11,2004,5,50,86.01, S18_4522   ," ""Volvo Model Replicas Co""          "
10337, 11/21/2004 0:00,4498.19, Shipped   ,4,11,2004,2,29,100.0, S18_4522   , Classic Legends Inc.                
10350, 12/2/2004 0:00 ,3023.1, Shipped   ,4,12,2004,3,30,100.0, S18_4522   , Euro Shopping Channel               
10217, 2/4/2004 0:00  ,4509.08, Shipped   ,1,2,2004,5,38,100.0, S18_4600   , Handji Gifts& Co                    
10229, 3/11/2004 0:00 ,4716.23, Shipped   ,1,3,2004,10,41,100.0, S18_4600   , Mini Gifts Distributors Ltd.        
10245, 5/4/2004 0:00  ,2390.22, Shipped   ,2,5,2004,3,21,100.0, S18_4600   , Super Scale Inc.                    
10259, 6/15/2004 0:00 ,4666.62, Shipped   ,2,6,2004,13,41,100.0, S18_4600   , Handji Gifts& Co                    
10270, 7/19/2004 0:00 ,5383.08, Shipped   ,3,7,2004,3,38,100.0, S18_4600   , Souveniers And Things Co.           
10281, 8/19/2004 0:00 ,2482.25, Shipped   ,3,8,2004,10,25,99.29, S18_4600   , Diecast Classics Inc.               
10291, 9/8/2004 0:00  ,5288.64, Shipped   ,3,9,2004,5,48,100.0, S18_4600   , Scandinavian Gift Ideas             
10305, 10/13/2004 0:00,2184.38, Shipped   ,4,10,2004,14,22,99.29, S18_4600   , Marta's Replicas Co.                
10313, 10/22/2004 0:00,2881.76, Shipped   ,4,10,2004,8,28,100.0, S18_4600   , Canadian Gift Exchange Network      
10323, 11/5/2004 0:00 ,6203.06, Shipped   ,4,11,2004,1,47,100.0, S18_4600   ," ""Blauer See Auto Co.""              "
10334, 11/19/2004 0:00,6763.47, On Hold   ,4,11,2004,4,49,100.0, S18_4600   ," ""Volvo Model Replicas Co""          "
10347, 11/29/2004 0:00,5884.65, Shipped   ,4,11,2004,4,45,100.0, S18_4600   ," ""Australian Collectors Co.""        "
10357, 12/10/2004 0:00,3559.64, Shipped   ,4,12,2004,2,28,100.0, S18_4600   , Mini Gifts Distributors Ltd.        
10215, 1/29/2004 0:00 ,2082.88, Shipped   ,1,1,2004,1,46,45.28, S18_4668   , West Coast Collectables Co.         
10229, 3/11/2004 0:00 ,1569.75, Shipped   ,1,3,2004,14,39,40.25, S18_4668   , Mini Gifts Distributors Ltd.        
10245, 5/4/2004 0:00  ,2694.15, Shipped   ,2,5,2004,7,45,59.87, S18_4668   , Super Scale Inc.                    
10258, 6/15/2004 0:00 ,1257.27, Shipped   ,2,6,2004,4,21,59.87, S18_4668   ," ""Tokyo Collectables Ltd""           "
10270, 7/19/2004 0:00 ,2567.84, Shipped   ,3,7,2004,7,44,58.36, S18_4668   , Souveniers And Things Co.           
10281, 8/19/2004 0:00 ,2634.28, Shipped   ,3,8,2004,14,44,59.87, S18_4668   , Diecast Classics Inc.               
10291, 9/8/2004 0:00  ,1502.78, Shipped   ,3,9,2004,9,29,51.82, S18_4668   , Scandinavian Gift Ideas             
10304, 10/11/2004 0:00,1676.2, Shipped   ,4,10,2004,4,34,49.3, S18_4668   , Auto Assoc. & Cie.                  
10312, 10/21/2004 0:00,2217.15, Shipped   ,4,10,2004,1,39,56.85, S18_4668   , Mini Gifts Distributors Ltd.        
10324, 11/5/2004 0:00 ,6832.02, Shipped   ,4,11,2004,6,38,100.0, S18_4668   , Vitachrome Inc.                     
10333, 11/18/2004 0:00,1916.64, Shipped   ,4,11,2004,8,24,79.86, S18_4668   , Mini Wheels Co.                     
10348, 11/1/2004 0:00 ,7110.8, Shipped   ,4,11,2004,6,29,100.0, S18_4668   ," ""Corrida Auto Replicas Ltd""        "
10358, 12/10/2004 0:00,5302.8, Shipped   ,4,12,2004,8,30,100.0, S18_4668   , Euro Shopping Channel               
10211, 1/15/2004 0:00 ,5673.58, Shipped   ,1,1,2004,7,41,100.0, S18_4721   , Auto Canal Petit                    
10225, 2/22/2004 0:00 ,5260.15, Shipped   ,1,2,2004,14,35,100.0, S18_4721   ," ""Vida Sport Ltd""                   "
10238, 4/9/2004 0:00  ,6350.96, Shipped   ,2,4,2004,8,44,100.0, S18_4721   , Danish Wholesale Imports            
10252, 5/26/2004 0:00 ,3559.4, Shipped   ,2,5,2004,4,26,100.0, S18_4721   , Auto Canal Petit                    
10264, 6/30/2004 0:00 ,2410.6, Shipped   ,2,6,2004,2,20,100.0, S18_4721   , Gifts4AllAges.com                   
10276, 8/2/2004 0:00  ,5713.92, Shipped   ,3,8,2004,8,48,100.0, S18_4721   , Online Mini Collectables            
10287, 8/30/2004 0:00 ,4300.32, Shipped   ,3,8,2004,17,34,100.0, S18_4721   ," ""Vida Sport Ltd""                   "
10299, 9/30/2004 0:00 ,7947.31, Shipped   ,3,9,2004,2,49,100.0, S18_4721   ," ""Toys of Finland Co.""              "
10310, 10/16/2004 0:00,5356.8, Shipped   ,4,10,2004,15,40,100.0, S18_4721   ," ""Toms Spezialitten Ltd""            "
10319, 11/3/2004 0:00 ,7901.1, Shipped   ,4,11,2004,3,45,100.0, S18_4721   , Microscale Inc.                     
10330, 11/16/2004 0:00,6101.0, Shipped   ,4,11,2004,4,50,100.0, S18_4721   , Cruz & Sons Co.                     
10342, 11/24/2004 0:00,6276.46, Shipped   ,4,11,2004,11,38,100.0, S18_4721   ," ""Australian Collectors Co.""        "
10355, 12/7/2004 0:00 ,4203.5, Shipped   ,4,12,2004,2,25,100.0, S18_4721   , Euro Shopping Channel               
10213, 1/22/2004 0:00 ,2084.75, Shipped   ,1,1,2004,2,25,83.39, S18_4933   ," ""Double Decker Gift Stores Ltd""    "
10227, 3/2/2004 0:00  ,2136.01, Shipped   ,1,3,2004,12,37,57.73, S18_4933   ," ""Saveley & Henriot Co.""            "
10241, 4/13/2004 0:00 ,2009.7, Shipped   ,2,4,2004,4,30,66.99, S18_4933   , Mini Caravy                         
10267, 7/7/2004 0:00  ,2719.8, Shipped   ,3,7,2004,1,36,75.55, S18_4933   , Muscle Machine Inc                  
10279, 8/9/2004 0:00  ,1575.08, Shipped   ,3,8,2004,1,26,60.58, S18_4933   , Euro Shopping Channel               
10288, 9/1/2004 0:00  ,1688.43, Shipped   ,3,9,2004,7,23,73.41, S18_4933   , Handji Gifts& Co                    
10311, 10/16/2004 0:00,1674.75, Shipped   ,4,10,2004,2,25,66.99, S18_4933   , Euro Shopping Channel               
10332, 11/17/2004 0:00,3472.98, Shipped   ,4,11,2004,3,21,100.0, S18_4933   ," ""AV Stores Co.""                    "
10344, 11/25/2004 0:00,1649.18, Shipped   ,4,11,2004,5,26,63.43, S18_4933   , Marseille Mini Autos                
10212, 1/16/2004 0:00 ,3374.71, Shipped   ,1,1,2004,3,41,82.31, S24_1046   , Euro Shopping Channel               
10226, 2/26/2004 0:00 ,1265.46, Shipped   ,1,2,2004,1,21,60.26, S24_1046   , Collectable Mini Designs Co.        
10241, 4/13/2004 0:00 ,1681.46, Shipped   ,2,4,2004,8,22,76.43, S24_1046   , Mini Caravy                         
10267, 7/7/2004 0:00  ,3204.0, Shipped   ,3,7,2004,5,40,80.1, S24_1046   , Muscle Machine Inc                  
10279, 8/9/2004 0:00  ,2398.72, Shipped   ,3,8,2004,5,32,74.96, S24_1046   , Euro Shopping Channel               
10288, 9/1/2004 0:00  ,2381.04, Shipped   ,3,9,2004,11,36,66.14, S24_1046   , Handji Gifts& Co                    
10311, 10/16/2004 0:00,2273.7, Shipped   ,4,10,2004,6,26,87.45, S24_1046   , Euro Shopping Channel               
10321, 11/4/2004 0:00 ,2116.5, Shipped   ,4,11,2004,3,30,70.55, S24_1046   , FunGiftIdeas.com                    
10332, 11/17/2004 0:00,1307.32, Shipped   ,4,11,2004,4,23,56.84, S24_1046   ," ""AV Stores Co.""                    "
10344, 11/25/2004 0:00,1726.37, Shipped   ,4,11,2004,7,29,59.53, S24_1046   , Marseille Mini Autos                
10220, 2/12/2004 0:00 ,1457.82, Shipped   ,1,2,2004,8,26,56.07, S24_1444   ," ""Clover Collections Co.""           "
10230, 3/15/2004 0:00 ,1955.88, Shipped   ,1,3,2004,6,36,54.33, S24_1444   ," ""Blauer See Auto Co.""              "
10246, 5/5/2004 0:00  ,2314.4, Shipped   ,2,5,2004,2,44,52.6, S24_1444   , Euro Shopping Channel               
10259, 6/15/2004 0:00 ,1310.96, Shipped   ,2,6,2004,1,28,46.82, S24_1444   , Handji Gifts& Co                    
10271, 7/20/2004 0:00 ,2913.3, Shipped   ,3,7,2004,2,45,64.74, S24_1444   , Mini Gifts Distributors Ltd.        
10282, 8/20/2004 0:00 ,1357.78, Shipped   ,3,8,2004,11,29,46.82, S24_1444   , Mini Gifts Distributors Ltd.        
10292, 9/8/2004 0:00  ,2150.0, Shipped   ,3,9,2004,5,40,53.75, S24_1444   , Land of Toys Inc.                   
10305, 10/13/2004 0:00,2783.25, Shipped   ,4,10,2004,2,45,61.85, S24_1444   , Marta's Replicas Co.                
10314, 10/22/2004 0:00,2339.92, Shipped   ,4,10,2004,11,44,53.18, S24_1444   , Heintze Collectables                
10324, 11/5/2004 0:00 ,1729.0, Shipped   ,4,11,2004,14,25,69.16, S24_1444   , Vitachrome Inc.                     
10336, 11/20/2004 0:00,5972.4, Shipped   ,4,11,2004,4,45,100.0, S24_1444   ," ""La Corne D'abondance Co.""         "
10349, 12/1/2004 0:00 ,2275.2, Shipped   ,4,12,2004,4,48,47.4, S24_1444   , Muscle Machine Inc                  
10358, 12/10/2004 0:00,2673.44, Shipped   ,4,12,2004,14,44,60.76, S24_1444   , Euro Shopping Channel               
10211, 1/15/2004 0:00 ,2254.0, Shipped   ,1,1,2004,15,25,90.16, S24_1578   , Auto Canal Petit                    
10223, 2/20/2004 0:00 ,2921.28, Shipped   ,1,2,2004,2,32,91.29, S24_1578   ," ""Australian Collectors Co.""        "
10237, 4/5/2004 0:00  ,2299.0, Shipped   ,2,4,2004,8,20,100.0, S24_1578   , Vitachrome Inc.                     
10251, 5/18/2004 0:00 ,2637.18, Shipped   ,2,5,2004,3,26,100.0, S24_1578   , Tekni Collectables Inc.             
10263, 6/28/2004 0:00 ,4307.52, Shipped   ,2,6,2004,3,42,100.0, S24_1578   , Gift Depot Inc.                     
10275, 7/23/2004 0:00 ,2153.76, Shipped   ,3,7,2004,2,21,100.0, S24_1578   , La Rochelle Gifts                   
10285, 8/27/2004 0:00 ,3716.88, Shipped   ,3,8,2004,7,34,100.0, S24_1578   , Marta's Replicas Co.                
10299, 9/30/2004 0:00 ,5455.76, Shipped   ,3,9,2004,10,47,100.0, S24_1578   ," ""Toys of Finland Co.""              "
10309, 10/15/2004 0:00,2650.62, Shipped   ,4,10,2004,6,21,100.0, S24_1578   , Baane Mini Imports                  
10318, 11/2/2004 0:00 ,6437.28, Shipped   ,4,11,2004,2,48,100.0, S24_1578   , Diecast Classics Inc.               
10329, 11/15/2004 0:00,2633.4, Shipped   ,4,11,2004,7,30,87.78, S24_1578   , Land of Toys Inc.                   
10339, 11/23/2004 0:00,2278.53, Shipped   ,4,11,2004,10,27,84.39, S24_1578   ," ""Tokyo Collectables Ltd""           "
10212, 1/16/2004 0:00 ,2399.85, Shipped   ,1,1,2004,5,45,53.33, S24_1628   , Euro Shopping Channel               
10226, 2/26/2004 0:00 ,1557.72, Shipped   ,1,2,2004,3,36,43.27, S24_1628   , Collectable Mini Designs Co.        
10241, 4/13/2004 0:00 ,845.25, Shipped   ,2,4,2004,10,21,40.25, S24_1628   , Mini Caravy                         
10266, 7/6/2004 0:00  ,1352.4, Shipped   ,3,7,2004,1,28,48.3, S24_1628   , L'ordine Souveniers                 
10278, 8/6/2004 0:00  ,1584.8, Shipped   ,3,8,2004,1,35,45.28, S24_1628   , Signal Gift Stores                  
10288, 9/1/2004 0:00  ,2616.0, Shipped   ,3,9,2004,13,50,52.32, S24_1628   , Handji Gifts& Co                    
10311, 10/16/2004 0:00,2218.5, Shipped   ,4,10,2004,8,45,49.3, S24_1628   , Euro Shopping Channel               
10321, 11/4/2004 0:00 ,2028.48, Shipped   ,4,11,2004,5,48,42.26, S24_1628   , FunGiftIdeas.com                    
10332, 11/17/2004 0:00,1759.2, Shipped   ,4,11,2004,5,20,87.96, S24_1628   ," ""AV Stores Co.""                    "
10343, 11/24/2004 0:00,977.67, Shipped   ,4,11,2004,6,27,36.21, S24_1628   , Reims Collectables                  
10210, 1/12/2004 0:00 ,2658.96, Shipped   ,1,1,2004,9,27,98.48, S24_1785   , Osaka Souveniers Co.                
10223, 2/20/2004 0:00 ,3608.76, Shipped   ,1,2,2004,11,34,100.0, S24_1785   ," ""Australian Collectors Co.""        "
10235, 4/2/2004 0:00  ,2214.67, Shipped   ,2,4,2004,5,23,96.29, S24_1785   ," ""Royal Canadian Collectables Ltd."" "
10250, 5/11/2004 0:00 ,2747.53, Shipped   ,2,5,2004,6,31,88.63, S24_1785   , The Sharp Gifts Warehouse           
10262, 6/24/2004 0:00 ,3310.92, Cancelled ,2,6,2004,1,34,97.38, S24_1785   , Euro Shopping Channel               
10275, 7/23/2004 0:00 ,2380.0, Shipped   ,3,7,2004,11,25,95.2, S24_1785   , La Rochelle Gifts                   
10284, 8/21/2004 0:00 ,2310.88, Shipped   ,3,8,2004,3,22,100.0, S24_1785   ," ""Norway Gifts By Mail Co.""         "
10297, 9/16/2004 0:00 ,4061.76, Shipped   ,3,9,2004,6,32,100.0, S24_1785   ," ""Clover Collections Co.""           "
10308, 10/15/2004 0:00,3493.7, Shipped   ,4,10,2004,9,31,100.0, S24_1785   , Mini Classics                       
10316, 11/1/2004 0:00 ,2872.25, Shipped   ,4,11,2004,1,25,100.0, S24_1785   , giftsbymail.co.uk                   
10328, 11/12/2004 0:00,4114.38, Shipped   ,4,11,2004,14,47,87.54, S24_1785   , Rovelli Gifts                       
10339, 11/23/2004 0:00,1063.65, Shipped   ,4,11,2004,7,21,50.65, S24_1785   ," ""Tokyo Collectables Ltd""           "
10353, 12/4/2004 0:00 ,2008.44, Shipped   ,4,12,2004,2,28,71.73, S24_1785   , Gift Ideas Corp.                    
10214, 1/26/2004 0:00 ,683.8, Shipped   ,1,1,2004,3,20,34.19, S24_1937   ," ""Corrida Auto Replicas Ltd""        "
10227, 3/2/2004 0:00  ,1226.82, Shipped   ,1,3,2004,6,42,29.21, S24_1937   ," ""Saveley & Henriot Co.""            "
10243, 4/26/2004 0:00 ,974.82, Shipped   ,2,4,2004,1,33,29.54, S24_1937   , Diecast Collectables                
10280, 8/17/2004 0:00 ,577.6, Shipped   ,3,8,2004,12,20,28.88, S24_1937   , Amica Models & Co.                  
10288, 9/1/2004 0:00  ,1106.93, Shipped   ,3,9,2004,1,29,38.17, S24_1937   , Handji Gifts& Co                    
10304, 10/11/2004 0:00,694.6, Shipped   ,4,10,2004,16,23,30.2, S24_1937   , Auto Assoc. & Cie.                  
10312, 10/21/2004 0:00,1152.06, Shipped   ,4,10,2004,13,39,29.54, S24_1937   , Mini Gifts Distributors Ltd.        
10322, 11/4/2004 0:00 ,2624.0, Shipped   ,4,11,2004,3,20,100.0, S24_1937   , Online Diecast Creations Co.        
10332, 11/17/2004 0:00,3685.95, Shipped   ,4,11,2004,6,45,81.91, S24_1937   ," ""AV Stores Co.""                    "
10344, 11/25/2004 0:00,703.6, Shipped   ,4,11,2004,6,20,35.18, S24_1937   , Marseille Mini Autos                
10356, 12/9/2004 0:00 ,9720.0, Shipped   ,4,12,2004,5,48,100.0, S24_1937   , Lyon Souveniers                     
10210, 1/12/2004 0:00 ,1851.0, Shipped   ,1,1,2004,4,30,61.7, S24_2000   , Osaka Souveniers Co.                
10223, 2/20/2004 0:00 ,2633.78, Shipped   ,1,2,2004,6,38,69.31, S24_2000   ," ""Australian Collectors Co.""        "
10236, 4/3/2004 0:00  ,3153.6, Shipped   ,2,4,2004,3,36,87.6, S24_2000   , Motor Mint Distributors Inc.        
10250, 5/11/2004 0:00 ,2803.2, Shipped   ,2,5,2004,1,32,87.6, S24_2000   , The Sharp Gifts Warehouse           
10263, 6/28/2004 0:00 ,2311.02, Shipped   ,2,6,2004,7,37,62.46, S24_2000   , Gift Depot Inc.                     
10275, 7/23/2004 0:00 ,2399.4, Shipped   ,3,7,2004,6,30,79.98, S24_2000   , La Rochelle Gifts                   
10285, 8/27/2004 0:00 ,2733.12, Shipped   ,3,8,2004,11,39,70.08, S24_2000   , Marta's Replicas Co.                
10297, 9/16/2004 0:00 ,2096.32, Shipped   ,3,9,2004,1,32,65.51, S24_2000   ," ""Clover Collections Co.""           "
10308, 10/15/2004 0:00,2971.34, Shipped   ,4,10,2004,4,47,63.22, S24_2000   , Mini Classics                       
10318, 11/2/2004 0:00 ,2257.58, Shipped   ,4,11,2004,6,26,86.83, S24_2000   , Diecast Classics Inc.               
10329, 11/15/2004 0:00,3493.91, Shipped   ,4,11,2004,4,37,94.43, S24_2000   , Land of Toys Inc.                   
10340, 11/24/2004 0:00,4398.9, Shipped   ,4,11,2004,8,55,79.98, S24_2000   , Enaco Distributors                  
10208, 1/2/2004 0:00  ,4301.15, Shipped   ,1,1,2004,7,35,100.0, S24_2011   ," ""Saveley & Henriot Co.""            "
10221, 2/18/2004 0:00 ,6804.63, Shipped   ,1,2,2004,1,49,100.0, S24_2011   , Petit Auto                          
10232, 3/20/2004 0:00 ,5652.94, Shipped   ,1,3,2004,4,46,100.0, S24_2011   , giftsbymail.co.uk                   
10248, 5/7/2004 0:00  ,6960.48, Cancelled ,2,5,2004,10,48,100.0, S24_2011   , Land of Toys Inc.                   
10261, 6/17/2004 0:00 ,4512.6, Shipped   ,2,6,2004,8,36,100.0, S24_2011   , Quebec Home Shopping Network        
10273, 7/21/2004 0:00 ,2784.76, Shipped   ,3,7,2004,11,22,100.0, S24_2011   , Petit Auto                          
10283, 8/20/2004 0:00 ,5316.36, Shipped   ,3,8,2004,13,42,100.0, S24_2011   ," ""Royal Canadian Collectables Ltd."" "
10293, 9/9/2004 0:00  ,2941.89, Shipped   ,3,9,2004,2,21,100.0, S24_2011   , Amica Models & Co.                  
10306, 10/14/2004 0:00,3207.4, Shipped   ,4,10,2004,7,29,100.0, S24_2011   ," ""AV Stores Co.""                    "
10315, 10/29/2004 0:00,4215.05, Shipped   ,4,10,2004,6,35,100.0, S24_2011   , La Rochelle Gifts                   
10326, 11/9/2004 0:00 ,4333.29, Shipped   ,4,11,2004,4,41,100.0, S24_2011   ," ""Volvo Model Replicas Co""          "
10337, 11/21/2004 0:00,2087.13, Shipped   ,4,11,2004,4,29,71.97, S24_2011   , Classic Legends Inc.                
10350, 12/2/2004 0:00 ,1711.22, Shipped   ,4,12,2004,7,34,50.33, S24_2011   , Euro Shopping Channel               
10214, 1/26/2004 0:00 ,2349.06, Shipped   ,1,1,2004,2,49,47.94, S24_2022   ," ""Corrida Auto Replicas Ltd""        "
10227, 3/2/2004 0:00  ,1161.12, Shipped   ,1,3,2004,5,24,48.38, S24_2022   ," ""Saveley & Henriot Co.""            "
10244, 4/29/2004 0:00 ,1764.75, Shipped   ,2,4,2004,9,39,45.25, S24_2022   , Euro Shopping Channel               
10255, 6/4/2004 0:00  ,1690.9, Shipped   ,2,6,2004,2,37,45.7, S24_2022   , Mini Caravy                         
10280, 8/17/2004 0:00 ,2137.05, Shipped   ,3,8,2004,11,45,47.49, S24_2022   , Amica Models & Co.                  
10289, 9/3/2004 0:00  ,2177.1, Shipped   ,3,9,2004,4,45,48.38, S24_2022   , Herkku Gifts                        
10304, 10/11/2004 0:00,1734.48, Shipped   ,4,10,2004,15,44,39.42, S24_2022   , Auto Assoc. & Cie.                  
10312, 10/21/2004 0:00,865.49, Shipped   ,4,10,2004,12,23,37.63, S24_2022   , Mini Gifts Distributors Ltd.        
10322, 11/4/2004 0:00 ,3500.1, Shipped   ,4,11,2004,4,30,100.0, S24_2022   , Online Diecast Creations Co.        
10332, 11/17/2004 0:00,2223.52, Shipped   ,4,11,2004,10,26,85.52, S24_2022   ," ""AV Stores Co.""                    "
10345, 11/25/2004 0:00,2311.68, Shipped   ,4,11,2004,1,43,53.76, S24_2022   , Atelier graphique                   
10356, 12/9/2004 0:00 ,828.36, Shipped   ,4,12,2004,7,26,31.86, S24_2022   , Lyon Souveniers                     
10217, 2/4/2004 0:00  ,3148.88, Shipped   ,1,2,2004,1,28,100.0, S24_2300   , Handji Gifts& Co                    
10229, 3/11/2004 0:00 ,5704.32, Shipped   ,1,3,2004,6,48,100.0, S24_2300   , Mini Gifts Distributors Ltd.        
10246, 5/5/2004 0:00  ,3520.6, Shipped   ,2,5,2004,10,29,100.0, S24_2300   , Euro Shopping Channel               
10259, 6/15/2004 0:00 ,5285.62, Shipped   ,2,6,2004,9,47,100.0, S24_2300   , Handji Gifts& Co                    
10271, 7/20/2004 0:00 ,5605.05, Shipped   ,3,7,2004,10,43,100.0, S24_2300   , Mini Gifts Distributors Ltd.        
10281, 8/19/2004 0:00 ,2779.5, Shipped   ,3,8,2004,6,25,100.0, S24_2300   , Diecast Classics Inc.               
10291, 9/8/2004 0:00  ,5398.08, Shipped   ,3,9,2004,1,48,100.0, S24_2300   , Scandinavian Gift Ideas             
10305, 10/13/2004 0:00,3189.6, Shipped   ,4,10,2004,10,24,100.0, S24_2300   , Marta's Replicas Co.                
10313, 10/22/2004 0:00,5581.8, Shipped   ,4,10,2004,4,42,100.0, S24_2300   , Canadian Gift Exchange Network      
10324, 11/5/2004 0:00 ,3820.44, Shipped   ,4,11,2004,2,31,100.0, S24_2300   , Vitachrome Inc.                     
10334, 11/19/2004 0:00,5528.04, On Hold   ,4,11,2004,5,42,100.0, S24_2300   ," ""Volvo Model Replicas Co""          "
10348, 11/1/2004 0:00 ,5981.42, Shipped   ,4,11,2004,1,37,100.0, S24_2300   ," ""Corrida Auto Replicas Ltd""        "
10358, 12/10/2004 0:00,5684.65, Shipped   ,4,12,2004,7,41,100.0, S24_2300   , Euro Shopping Channel               
10211, 1/15/2004 0:00 ,1338.12, Shipped   ,1,1,2004,11,21,63.72, S24_2360   , Auto Canal Petit                    
10224, 2/21/2004 0:00 ,2972.58, Shipped   ,1,2,2004,4,37,80.34, S24_2360   , Daedalus Designs Imports            
10237, 4/5/2004 0:00  ,2070.9, Shipped   ,2,4,2004,4,26,79.65, S24_2360   , Vitachrome Inc.                     
10252, 5/26/2004 0:00 ,3092.6, Shipped   ,2,5,2004,8,47,65.8, S24_2360   , Auto Canal Petit                    
10264, 6/30/2004 0:00 ,2408.7, Shipped   ,2,6,2004,6,37,65.1, S24_2360   , Gifts4AllAges.com                   
10276, 8/2/2004 0:00  ,3472.54, Shipped   ,3,8,2004,12,46,75.49, S24_2360   , Online Mini Collectables            
10285, 8/27/2004 0:00 ,2263.28, Shipped   ,3,8,2004,3,38,59.56, S24_2360   , Marta's Replicas Co.                
10299, 9/30/2004 0:00 ,2194.17, Shipped   ,3,9,2004,6,33,66.49, S24_2360   ," ""Toys of Finland Co.""              "
10309, 10/15/2004 0:00,1346.4, Shipped   ,4,10,2004,2,24,56.1, S24_2360   , Baane Mini Imports                  
10319, 11/3/2004 0:00 ,2533.63, Shipped   ,4,11,2004,7,31,81.73, S24_2360   , Microscale Inc.                     
10330, 11/16/2004 0:00,3403.26, Shipped   ,4,11,2004,1,42,81.03, S24_2360   , Cruz & Sons Co.                     
10341, 11/24/2004 0:00,3307.2, Shipped   ,4,11,2004,6,32,100.0, S24_2360   , Salzburg Collectables               
10355, 12/7/2004 0:00 ,2896.65, Shipped   ,4,12,2004,3,41,70.65, S24_2360   , Euro Shopping Channel               
10212, 1/16/2004 0:00 ,3966.3, Shipped   ,1,1,2004,1,45,88.14, S24_2766   , Euro Shopping Channel               
10227, 3/2/2004 0:00  ,4142.58, Shipped   ,1,3,2004,14,47,88.14, S24_2766   ," ""Saveley & Henriot Co.""            "
10241, 4/13/2004 0:00 ,4441.5, Shipped   ,2,4,2004,6,47,94.5, S24_2766   , Mini Caravy                         
10267, 7/7/2004 0:00  ,3315.12, Shipped   ,3,7,2004,3,38,87.24, S24_2766   , Muscle Machine Inc                  
10279, 8/9/2004 0:00  ,3918.53, Shipped   ,3,8,2004,3,49,79.97, S24_2766   , Euro Shopping Channel               
10288, 9/1/2004 0:00  ,2830.45, Shipped   ,3,9,2004,9,35,80.87, S24_2766   , Handji Gifts& Co                    
10311, 10/16/2004 0:00,2620.8, Shipped   ,4,10,2004,4,28,93.6, S24_2766   , Euro Shopping Channel               
10321, 11/4/2004 0:00 ,2181.0, Shipped   ,4,11,2004,1,30,72.7, S24_2766   , FunGiftIdeas.com                    
10332, 11/17/2004 0:00,3382.08, Shipped   ,4,11,2004,7,39,86.72, S24_2766   ," ""AV Stores Co.""                    "
10346, 11/29/2004 0:00,2876.75, Shipped   ,4,11,2004,1,25,100.0, S24_2766   , Signal Gift Stores                  
10219, 2/10/2004 0:00 ,846.51, Shipped   ,1,2,2004,3,21,40.31, S24_2840   , Signal Collectibles Ltd.            
10229, 3/11/2004 0:00 ,1085.04, Shipped   ,1,3,2004,2,33,32.88, S24_2840   , Mini Gifts Distributors Ltd.        
10246, 5/5/2004 0:00  ,1767.43, Shipped   ,2,5,2004,6,49,36.07, S24_2840   , Euro Shopping Channel               
10259, 6/15/2004 0:00 ,1030.44, Shipped   ,2,6,2004,5,31,33.24, S24_2840   , Handji Gifts& Co                    
10271, 7/20/2004 0:00 ,1585.36, Shipped   ,3,7,2004,6,38,41.72, S24_2840   , Mini Gifts Distributors Ltd.        
10281, 8/19/2004 0:00 ,813.2, Shipped   ,3,8,2004,2,20,40.66, S24_2840   , Diecast Classics Inc.               
10292, 9/8/2004 0:00  ,1172.34, Shipped   ,3,9,2004,9,39,30.06, S24_2840   , Land of Toys Inc.                   
10305, 10/13/2004 0:00,1510.56, Shipped   ,4,10,2004,6,48,31.47, S24_2840   , Marta's Replicas Co.                
10314, 10/22/2004 0:00,1448.07, Shipped   ,4,10,2004,15,39,37.13, S24_2840   , Heintze Collectables                
10324, 11/5/2004 0:00 ,3338.1, Shipped   ,4,11,2004,9,30,100.0, S24_2840   , Vitachrome Inc.                     
10335, 11/19/2004 0:00,1225.29, Shipped   ,4,11,2004,2,33,37.13, S24_2840   , Mini Gifts Distributors Ltd.        
10349, 12/1/2004 0:00 ,1336.68, Shipped   ,4,12,2004,3,36,37.13, S24_2840   , Muscle Machine Inc                  
10358, 12/10/2004 0:00,2985.84, Shipped   ,4,12,2004,4,36,82.94, S24_2840   , Euro Shopping Channel               
10209, 1/9/2004 0:00  ,3535.03, Shipped   ,1,1,2004,1,43,82.21, S24_2841   ," ""Men 'R' US Retailers Ltd.""        "
10222, 2/19/2004 0:00 ,2608.96, Shipped   ,1,2,2004,5,32,81.53, S24_2841   , Collectable Mini Designs Co.        
10249, 5/8/2004 0:00  ,1356.4, Shipped   ,2,5,2004,1,20,67.82, S24_2841   , Cambridge Collectables Co.          
10262, 6/24/2004 0:00 ,1611.36, Cancelled ,2,6,2004,10,24,67.14, S24_2841   , Euro Shopping Channel               
10274, 7/21/2004 0:00 ,2603.2, Shipped   ,3,7,2004,2,40,65.08, S24_2841   , Collectables For Less Inc.          
10284, 8/21/2004 0:00 ,2219.7, Shipped   ,3,8,2004,12,30,73.99, S24_2841   ," ""Norway Gifts By Mail Co.""         "
10296, 9/15/2004 0:00 ,1496.25, Shipped   ,3,9,2004,8,21,71.25, S24_2841   ," ""Bavarian Collectables Imports Co."""
10307, 10/14/2004 0:00,1884.0, Shipped   ,4,10,2004,2,25,75.36, S24_2841   ," ""Classic Gift Ideas Inc""           "
10316, 11/1/2004 0:00 ,2166.14, Shipped   ,4,11,2004,10,34,63.71, S24_2841   , giftsbymail.co.uk                   
10328, 11/12/2004 0:00,2828.16, Shipped   ,4,11,2004,1,48,58.92, S24_2841   , Rovelli Gifts                       
10339, 11/23/2004 0:00,6214.45, Shipped   ,4,11,2004,12,55,100.0, S24_2841   ," ""Tokyo Collectables Ltd""           "
10351, 12/3/2004 0:00 ,1867.0, Shipped   ,4,12,2004,5,25,74.68, S24_2841   ," ""Stylish Desk Decors Co.""          "
10213, 1/22/2004 0:00 ,2790.45, Shipped   ,1,1,2004,3,27,100.0, S24_2887   ," ""Double Decker Gift Stores Ltd""    "
10227, 3/2/2004 0:00  ,4340.49, Shipped   ,1,3,2004,13,33,100.0, S24_2887   ," ""Saveley & Henriot Co.""            "
10241, 4/13/2004 0:00 ,2762.2, Shipped   ,2,4,2004,5,28,98.65, S24_2887   , Mini Caravy                         
10267, 7/7/2004 0:00  ,4645.72, Shipped   ,3,7,2004,2,43,100.0, S24_2887   , Muscle Machine Inc                  
10279, 8/9/2004 0:00  ,5580.96, Shipped   ,3,8,2004,2,48,100.0, S24_2887   , Euro Shopping Channel               
10288, 9/1/2004 0:00  ,6539.04, Shipped   ,3,9,2004,8,48,100.0, S24_2887   , Handji Gifts& Co                    
10311, 10/16/2004 0:00,4595.41, Shipped   ,4,10,2004,3,43,100.0, S24_2887   , Euro Shopping Channel               
10332, 11/17/2004 0:00,1859.44, Shipped   ,4,11,2004,11,44,42.26, S24_2887   ," ""AV Stores Co.""                    "
10346, 11/29/2004 0:00,2093.76, Shipped   ,4,11,2004,5,24,87.24, S24_2887   , Signal Gift Stores                  
10212, 1/16/2004 0:00 ,1476.28, Shipped   ,1,1,2004,12,34,43.42, S24_2972   , Euro Shopping Channel               
10225, 2/22/2004 0:00 ,1538.46, Shipped   ,1,2,2004,3,42,36.63, S24_2972   ," ""Vida Sport Ltd""                   "
10239, 4/12/2004 0:00 ,891.2, Shipped   ,2,4,2004,2,20,44.56, S24_2972   ," ""Oulu Toy Supplies Inc.""           "
10253, 6/1/2004 0:00  ,1706.8, Cancelled ,2,6,2004,7,40,42.67, S24_2972   ," ""UK Collectables Ltd.""             "
10266, 7/6/2004 0:00  ,1373.6, Shipped   ,3,7,2004,8,34,40.4, S24_2972   , L'ordine Souveniers                 
10278, 8/6/2004 0:00  ,1205.59, Shipped   ,3,8,2004,8,31,38.89, S24_2972   , Signal Gift Stores                  
10287, 8/30/2004 0:00 ,1427.4, Shipped   ,3,8,2004,6,36,39.65, S24_2972   ," ""Vida Sport Ltd""                   "
10310, 10/16/2004 0:00,1383.03, Shipped   ,4,10,2004,4,33,41.91, S24_2972   ," ""Toms Spezialitten Ltd""            "
10321, 11/4/2004 0:00 ,1229.51, Shipped   ,4,11,2004,12,37,33.23, S24_2972   , FunGiftIdeas.com                    
10331, 11/17/2004 0:00,1140.48, Shipped   ,4,11,2004,13,27,42.24, S24_2972   , Motor Mint Distributors Inc.        
10342, 11/24/2004 0:00,1575.6, Shipped   ,4,11,2004,9,39,40.4, S24_2972   ," ""Australian Collectors Co.""        "
10355, 12/7/2004 0:00 ,1386.72, Shipped   ,4,12,2004,4,36,38.52, S24_2972   , Euro Shopping Channel               
10208, 1/2/2004 0:00  ,1788.0, Shipped   ,1,1,2004,2,20,89.4, S24_3151   ," ""Saveley & Henriot Co.""            "
10222, 2/19/2004 0:00 ,3328.07, Shipped   ,1,2,2004,14,47,70.81, S24_3151   , Collectable Mini Designs Co.        
10233, 3/29/2004 0:00 ,3788.4, Shipped   ,1,3,2004,2,40,94.71, S24_3151   , Tekni Collectables Inc.             
10248, 5/7/2004 0:00  ,3053.7, Cancelled ,2,5,2004,5,30,100.0, S24_3151   , Land of Toys Inc.                   
10261, 6/17/2004 0:00 ,2005.74, Shipped   ,2,6,2004,3,22,91.17, S24_3151   , Quebec Home Shopping Network        
10273, 7/21/2004 0:00 ,2796.12, Shipped   ,3,7,2004,6,27,100.0, S24_3151   , Petit Auto                          
10283, 8/20/2004 0:00 ,3159.96, Shipped   ,3,8,2004,8,34,92.94, S24_3151   ," ""Royal Canadian Collectables Ltd."" "
10295, 9/10/2004 0:00 ,3908.62, Shipped   ,3,9,2004,3,46,84.97, S24_3151   , Gifts4AllAges.com                   
10306, 10/14/2004 0:00,2606.48, Shipped   ,4,10,2004,2,31,84.08, S24_3151   ," ""AV Stores Co.""                    "
10315, 10/29/2004 0:00,2081.76, Shipped   ,4,10,2004,1,24,86.74, S24_3151   , La Rochelle Gifts                   
10326, 11/9/2004 0:00 ,3519.85, Shipped   ,4,11,2004,3,41,85.85, S24_3151   ," ""Volvo Model Replicas Co""          "
10339, 11/23/2004 0:00,10758.0, Shipped   ,4,11,2004,13,55,100.0, S24_3151   ," ""Tokyo Collectables Ltd""           "
10350, 12/2/2004 0:00 ,3021.0, Shipped   ,4,12,2004,9,30,100.0, S24_3151   , Euro Shopping Channel               
10212, 1/16/2004 0:00 ,2149.74, Shipped   ,1,1,2004,2,27,79.62, S24_3191   , Euro Shopping Channel               
10227, 3/2/2004 0:00  ,3184.8, Shipped   ,1,3,2004,15,40,79.62, S24_3191   ," ""Saveley & Henriot Co.""            "
10241, 4/13/2004 0:00 ,2114.58, Shipped   ,2,4,2004,7,26,81.33, S24_3191   , Mini Caravy                         
10267, 7/7/2004 0:00  ,4256.56, Shipped   ,3,7,2004,4,44,96.74, S24_3191   , Muscle Machine Inc                  
10279, 8/9/2004 0:00  ,2344.98, Shipped   ,3,8,2004,4,33,71.06, S24_3191   , Euro Shopping Channel               
10288, 9/1/2004 0:00  ,2328.66, Shipped   ,3,9,2004,10,34,68.49, S24_3191   , Handji Gifts& Co                    
10311, 10/16/2004 0:00,2076.0, Shipped   ,4,10,2004,5,25,83.04, S24_3191   , Euro Shopping Channel               
10321, 11/4/2004 0:00 ,3305.25, Shipped   ,4,11,2004,2,39,84.75, S24_3191   , FunGiftIdeas.com                    
10332, 11/17/2004 0:00,1538.55, Shipped   ,4,11,2004,12,45,34.19, S24_3191   ," ""AV Stores Co.""                    "
10346, 11/29/2004 0:00,3325.92, Shipped   ,4,11,2004,2,24,100.0, S24_3191   , Signal Gift Stores                  
10211, 1/15/2004 0:00 ,2351.04, Shipped   ,1,1,2004,1,48,48.98, S24_3371   , Auto Canal Petit                    
10225, 2/22/2004 0:00 ,1205.04, Shipped   ,1,2,2004,8,24,50.21, S24_3371   ," ""Vida Sport Ltd""                   "
10238, 4/9/2004 0:00  ,2935.15, Shipped   ,2,4,2004,2,47,62.45, S24_3371   , Danish Wholesale Imports            
10253, 6/1/2004 0:00  ,1263.84, Cancelled ,2,6,2004,12,24,52.66, S24_3371   ," ""UK Collectables Ltd.""             "
10266, 7/6/2004 0:00  ,2935.15, Shipped   ,3,7,2004,13,47,62.45, S24_3371   , L'ordine Souveniers                 
10276, 8/2/2004 0:00  ,1224.6, Shipped   ,3,8,2004,2,20,61.23, S24_3371   , Online Mini Collectables            
10287, 8/30/2004 0:00 ,1359.4, Shipped   ,3,8,2004,11,20,67.97, S24_3371   ," ""Vida Sport Ltd""                   "
10310, 10/16/2004 0:00,2163.72, Shipped   ,4,10,2004,9,38,56.94, S24_3371   ," ""Toms Spezialitten Ltd""            "
10320, 11/3/2004 0:00 ,1591.98, Shipped   ,4,11,2004,2,26,61.23, S24_3371   ," ""Volvo Model Replicas Co""          "
10331, 11/17/2004 0:00,3078.5, Shipped   ,4,11,2004,9,25,100.0, S24_3371   , Motor Mint Distributors Inc.        
10342, 11/24/2004 0:00,2997.6, Shipped   ,4,11,2004,10,48,62.45, S24_3371   ," ""Australian Collectors Co.""        "
10355, 12/7/2004 0:00 ,2747.8, Shipped   ,4,12,2004,6,44,62.45, S24_3371   , Euro Shopping Channel               
10209, 1/9/2004 0:00  ,2793.24, Shipped   ,1,1,2004,2,36,77.59, S24_3420   ," ""Men 'R' US Retailers Ltd.""        "
10222, 2/19/2004 0:00 ,3025.05, Shipped   ,1,2,2004,6,43,70.35, S24_3420   , Collectable Mini Designs Co.        
10249, 5/8/2004 0:00  ,1742.5, Shipped   ,2,5,2004,2,25,69.7, S24_3420   , Cambridge Collectables Co.          
10262, 6/24/2004 0:00 ,3236.1, Cancelled ,2,6,2004,11,46,70.35, S24_3420   , Euro Shopping Channel               
10274, 7/21/2004 0:00 ,1735.92, Shipped   ,3,7,2004,3,24,72.33, S24_3420   , Collectables For Less Inc.          
10284, 8/21/2004 0:00 ,2795.13, Shipped   ,3,8,2004,13,39,71.67, S24_3420   ," ""Norway Gifts By Mail Co.""         "
10296, 9/15/2004 0:00 ,1671.52, Shipped   ,3,9,2004,9,31,53.92, S24_3420   ," ""Bavarian Collectables Imports Co."""
10307, 10/14/2004 0:00,1576.74, Shipped   ,4,10,2004,3,22,71.67, S24_3420   ," ""Classic Gift Ideas Inc""           "
10316, 11/1/2004 0:00 ,3615.71, Shipped   ,4,11,2004,11,47,76.93, S24_3420   , giftsbymail.co.uk                   
10328, 11/12/2004 0:00,1459.6, Shipped   ,4,11,2004,2,20,72.98, S24_3420   , Rovelli Gifts                       
10339, 11/23/2004 0:00,2891.01, Shipped   ,4,11,2004,14,29,99.69, S24_3420   ," ""Tokyo Collectables Ltd""           "
10351, 12/3/2004 0:00 ,2598.44, Shipped   ,4,12,2004,4,38,68.38, S24_3420   ," ""Stylish Desk Decors Co.""          "
10361, 12/17/2004 0:00,3871.92, Shipped   ,4,12,2004,6,34,100.0, S24_3420   , Souveniers And Things Co.           
10212, 1/16/2004 0:00 ,4039.26, Shipped   ,1,1,2004,4,46,87.81, S24_3432   , Euro Shopping Channel               
10226, 2/26/2004 0:00 ,4420.32, Shipped   ,1,2,2004,2,48,92.09, S24_3432   , Collectable Mini Designs Co.        
10241, 4/13/2004 0:00 ,2341.71, Shipped   ,2,4,2004,9,27,86.73, S24_3432   , Mini Caravy                         
10267, 7/7/2004 0:00  ,5110.98, Shipped   ,3,7,2004,6,43,100.0, S24_3432   , Muscle Machine Inc                  
10279, 8/9/2004 0:00  ,6168.0, Shipped   ,3,8,2004,6,48,100.0, S24_3432   , Euro Shopping Channel               
10288, 9/1/2004 0:00  ,4873.26, Shipped   ,3,9,2004,12,41,100.0, S24_3432   , Handji Gifts& Co                    
10311, 10/16/2004 0:00,4236.14, Shipped   ,4,10,2004,7,46,92.09, S24_3432   , Euro Shopping Channel               
10321, 11/4/2004 0:00 ,1888.95, Shipped   ,4,11,2004,4,21,89.95, S24_3432   , FunGiftIdeas.com                    
10332, 11/17/2004 0:00,1152.58, Shipped   ,4,11,2004,13,31,37.18, S24_3432   ," ""AV Stores Co.""                    "
10346, 11/29/2004 0:00,2492.88, Shipped   ,4,11,2004,6,26,95.88, S24_3432   , Signal Gift Stores                  
10209, 1/9/2004 0:00  ,1974.06, Shipped   ,1,1,2004,7,22,89.73, S24_3816   ," ""Men 'R' US Retailers Ltd.""        "
10222, 2/19/2004 0:00 ,3703.46, Shipped   ,1,2,2004,11,46,80.51, S24_3816   , Collectable Mini Designs Co.        
10248, 5/7/2004 0:00  ,1755.13, Cancelled ,2,5,2004,2,23,76.31, S24_3816   , Land of Toys Inc.                   
10262, 6/24/2004 0:00 ,4273.29, Cancelled ,2,6,2004,16,49,87.21, S24_3816   , Euro Shopping Channel               
10273, 7/21/2004 0:00 ,3984.96, Shipped   ,3,7,2004,3,48,83.02, S24_3816   , Petit Auto                          
10283, 8/20/2004 0:00 ,2407.68, Shipped   ,3,8,2004,5,33,72.96, S24_3816   ," ""Royal Canadian Collectables Ltd."" "
10296, 9/15/2004 0:00 ,1697.3, Shipped   ,3,9,2004,14,22,77.15, S24_3816   ," ""Bavarian Collectables Imports Co."""
10307, 10/14/2004 0:00,2011.02, Shipped   ,4,10,2004,8,22,91.41, S24_3816   ," ""Classic Gift Ideas Inc""           "
10316, 11/1/2004 0:00 ,2306.25, Shipped   ,4,11,2004,16,25,92.25, S24_3816   , giftsbymail.co.uk                   
10326, 11/9/2004 0:00 ,1845.0, Shipped   ,4,11,2004,2,20,92.25, S24_3816   ," ""Volvo Model Replicas Co""          "
10339, 11/23/2004 0:00,2493.12, Shipped   ,4,11,2004,16,42,59.36, S24_3816   ," ""Tokyo Collectables Ltd""           "
10350, 12/2/2004 0:00 ,1508.5, Shipped   ,4,12,2004,10,25,60.34, S24_3816   , Euro Shopping Channel               
10212, 1/16/2004 0:00 ,6949.67, Shipped   ,1,1,2004,13,49,100.0, S24_3856   , Euro Shopping Channel               
10225, 2/22/2004 0:00 ,4550.0, Shipped   ,1,2,2004,4,40,100.0, S24_3856   ," ""Vida Sport Ltd""                   "
10239, 4/12/2004 0:00 ,4479.63, Shipped   ,2,4,2004,3,29,100.0, S24_3856   ," ""Oulu Toy Supplies Inc.""           "
10253, 6/1/2004 0:00  ,5148.0, Cancelled ,2,6,2004,8,39,100.0, S24_3856   ," ""UK Collectables Ltd.""             "
10266, 7/6/2004 0:00  ,2932.08, Shipped   ,3,7,2004,9,24,100.0, S24_3856   , L'ordine Souveniers                 
10278, 8/6/2004 0:00  ,3159.75, Shipped   ,3,8,2004,9,25,100.0, S24_3856   , Signal Gift Stores                  
10287, 8/30/2004 0:00 ,4297.32, Shipped   ,3,8,2004,7,36,100.0, S24_3856   ," ""Vida Sport Ltd""                   "
10310, 10/16/2004 0:00,5497.65, Shipped   ,4,10,2004,5,45,100.0, S24_3856   ," ""Toms Spezialitten Ltd""            "
10321, 11/4/2004 0:00 ,4052.88, Shipped   ,4,11,2004,13,26,100.0, S24_3856   , FunGiftIdeas.com                    
10331, 11/17/2004 0:00,3135.93, Shipped   ,4,11,2004,1,21,100.0, S24_3856   , Motor Mint Distributors Inc.        
10342, 11/24/2004 0:00,5013.54, Shipped   ,4,11,2004,6,42,100.0, S24_3856   ," ""Australian Collectors Co.""        "
10355, 12/7/2004 0:00 ,5302.72, Shipped   ,4,12,2004,8,32,100.0, S24_3856   , Euro Shopping Channel               
10210, 1/12/2004 0:00 ,2018.4, Shipped   ,1,1,2004,16,29,69.6, S24_3949   , Osaka Souveniers Co.                
10222, 2/19/2004 0:00 ,2718.72, Shipped   ,1,2,2004,3,48,56.64, S24_3949   , Collectable Mini Designs Co.        
10235, 4/2/2004 0:00  ,1981.65, Shipped   ,2,4,2004,12,33,60.05, S24_3949   ," ""Royal Canadian Collectables Ltd."" "
10250, 5/11/2004 0:00 ,3002.4, Shipped   ,2,5,2004,13,40,75.06, S24_3949   , The Sharp Gifts Warehouse           
10262, 6/24/2004 0:00 ,2948.16, Cancelled ,2,6,2004,8,48,61.42, S24_3949   , Euro Shopping Channel               
10275, 7/23/2004 0:00 ,3357.49, Shipped   ,3,7,2004,18,41,81.89, S24_3949   , La Rochelle Gifts                   
10284, 8/21/2004 0:00 ,1175.16, Shipped   ,3,8,2004,10,21,55.96, S24_3949   ," ""Norway Gifts By Mail Co.""         "
10296, 9/15/2004 0:00 ,2292.8, Shipped   ,3,9,2004,6,32,71.65, S24_3949   ," ""Bavarian Collectables Imports Co."""
10308, 10/15/2004 0:00,3286.49, Shipped   ,4,10,2004,16,43,76.43, S24_3949   , Mini Classics                       
10316, 11/1/2004 0:00 ,2333.7, Shipped   ,4,11,2004,8,30,77.79, S24_3949   , giftsbymail.co.uk                   
10328, 11/12/2004 0:00,2675.05, Shipped   ,4,11,2004,3,35,76.43, S24_3949   , Rovelli Gifts                       
10339, 11/23/2004 0:00,4361.4, Shipped   ,4,11,2004,11,45,96.92, S24_3949   ," ""Tokyo Collectables Ltd""           "
10351, 12/3/2004 0:00 ,2018.58, Shipped   ,4,12,2004,3,34,59.37, S24_3949   ," ""Stylish Desk Decors Co.""          "
10361, 12/17/2004 0:00,3710.98, Shipped   ,4,12,2004,7,26,100.0, S24_3949   , Souveniers And Things Co.           
10214, 1/26/2004 0:00 ,1534.72, Shipped   ,1,1,2004,5,44,34.88, S24_3969   ," ""Corrida Auto Replicas Ltd""        "
10227, 3/2/2004 0:00  ,1185.3, Shipped   ,1,3,2004,8,27,43.9, S24_3969   ," ""Saveley & Henriot Co.""            "
10242, 4/20/2004 0:00 ,1698.78, Shipped   ,2,4,2004,1,46,36.93, S24_3969   , Microscale Inc.                     
10280, 8/17/2004 0:00 ,1381.05, Shipped   ,3,8,2004,14,33,41.85, S24_3969   , Amica Models & Co.                  
10288, 9/1/2004 0:00  ,1340.46, Shipped   ,3,9,2004,3,33,40.62, S24_3969   , Handji Gifts& Co                    
10303, 10/6/2004 0:00 ,965.04, Shipped   ,4,10,2004,1,24,40.21, S24_3969   ," ""Iberia Gift Imports Corp.""        "
10312, 10/21/2004 0:00,1093.99, Shipped   ,4,10,2004,15,31,35.29, S24_3969   , Mini Gifts Distributors Ltd.        
10332, 11/17/2004 0:00,3166.84, Shipped   ,4,11,2004,14,41,77.24, S24_3969   ," ""AV Stores Co.""                    "
10346, 11/29/2004 0:00,2143.68, Shipped   ,4,11,2004,4,22,97.44, S24_3969   , Signal Gift Stores                  
10220, 2/12/2004 0:00 ,5032.74, Shipped   ,1,2,2004,7,37,100.0, S24_4048   ," ""Clover Collections Co.""           "
10230, 3/15/2004 0:00 ,4737.15, Shipped   ,1,3,2004,5,45,100.0, S24_4048   ," ""Blauer See Auto Co.""              "
10246, 5/5/2004 0:00  ,6311.2, Shipped   ,2,5,2004,1,46,100.0, S24_4048   , Euro Shopping Channel               
10271, 7/20/2004 0:00 ,3070.54, Shipped   ,3,7,2004,1,22,100.0, S24_4048   , Mini Gifts Distributors Ltd.        
10282, 8/20/2004 0:00 ,4797.39, Shipped   ,3,8,2004,10,39,100.0, S24_4048   , Mini Gifts Distributors Ltd.        
10292, 9/8/2004 0:00  ,3832.38, Shipped   ,3,9,2004,4,27,100.0, S24_4048   , Land of Toys Inc.                   
10305, 10/13/2004 0:00,4641.48, Shipped   ,4,10,2004,1,36,100.0, S24_4048   , Marta's Replicas Co.                
10314, 10/22/2004 0:00,4000.26, Shipped   ,4,10,2004,10,38,100.0, S24_4048   , Heintze Collectables                
10325, 11/5/2004 0:00 ,5325.76, Shipped   ,4,11,2004,5,44,100.0, S24_4048   , Baane Mini Imports                  
10336, 11/20/2004 0:00,4618.69, Shipped   ,4,11,2004,5,31,100.0, S24_4048   ," ""La Corne D'abondance Co.""         "
10349, 12/1/2004 0:00 ,3182.97, Shipped   ,4,12,2004,2,23,100.0, S24_4048   , Muscle Machine Inc                  
10359, 12/15/2004 0:00,2603.04, Shipped   ,4,12,2004,7,22,100.0, S24_4048   , Reims Collectables                  
10215, 1/29/2004 0:00 ,3532.23, Shipped   ,1,1,2004,7,39,90.57, S24_4258   , West Coast Collectables Co.         
10228, 3/10/2004 0:00 ,3406.59, Shipped   ,1,3,2004,6,33,100.0, S24_4258   , Cambridge Collectables Co.          
10244, 4/29/2004 0:00 ,3467.2, Shipped   ,2,4,2004,4,40,86.68, S24_4258   , Euro Shopping Channel               
10257, 6/14/2004 0:00 ,3628.94, Shipped   ,2,6,2004,4,46,78.89, S24_4258   , The Sharp Gifts Warehouse           
10269, 7/16/2004 0:00 ,4674.72, Shipped   ,3,7,2004,2,48,97.39, S24_4258   , Salzburg Collectables               
10280, 8/17/2004 0:00 ,1656.69, Shipped   ,3,8,2004,6,21,78.89, S24_4258   , Amica Models & Co.                  
10290, 9/7/2004 0:00  ,5171.4, Shipped   ,3,9,2004,1,45,100.0, S24_4258   , Auto-Moto Classics Inc.             
10304, 10/11/2004 0:00,3342.57, Shipped   ,4,10,2004,10,33,100.0, S24_4258   , Auto Assoc. & Cie.                  
10312, 10/21/2004 0:00,4884.88, Shipped   ,4,10,2004,7,44,100.0, S24_4258   , Mini Gifts Distributors Ltd.        
10324, 11/5/2004 0:00 ,6267.69, Shipped   ,4,11,2004,3,33,100.0, S24_4258   , Vitachrome Inc.                     
10333, 11/18/2004 0:00,4424.16, Shipped   ,4,11,2004,1,39,100.0, S24_4258   , Mini Wheels Co.                     
10348, 11/1/2004 0:00 ,1962.09, Shipped   ,4,11,2004,2,39,50.31, S24_4258   ," ""Corrida Auto Replicas Ltd""        "
10358, 12/10/2004 0:00,6847.0, Shipped   ,4,12,2004,6,41,100.0, S24_4258   , Euro Shopping Channel               
10210, 1/12/2004 0:00 ,2840.0, Shipped   ,1,1,2004,8,40,71.0, S24_4278   , Osaka Souveniers Co.                
10223, 2/20/2004 0:00 ,1716.26, Shipped   ,1,2,2004,10,23,74.62, S24_4278   ," ""Australian Collectors Co.""        "
10235, 4/2/2004 0:00  ,3245.6, Shipped   ,2,4,2004,4,40,81.14, S24_4278   ," ""Royal Canadian Collectables Ltd."" "
10250, 5/11/2004 0:00 ,2760.94, Shipped   ,2,5,2004,5,37,74.62, S24_4278   , The Sharp Gifts Warehouse           
10263, 6/28/2004 0:00 ,1808.4, Shipped   ,2,6,2004,11,24,75.35, S24_4278   , Gift Depot Inc.                     
10275, 7/23/2004 0:00 ,1682.37, Shipped   ,3,7,2004,10,27,62.31, S24_4278   , La Rochelle Gifts                   
10284, 8/21/2004 0:00 ,1491.0, Shipped   ,3,8,2004,2,21,71.0, S24_4278   ," ""Norway Gifts By Mail Co.""         "
10297, 9/16/2004 0:00 ,1666.35, Shipped   ,3,9,2004,5,23,72.45, S24_4278   ," ""Clover Collections Co.""           "
10308, 10/15/2004 0:00,3666.08, Shipped   ,4,10,2004,8,44,83.32, S24_4278   , Mini Classics                       
10317, 11/2/2004 0:00 ,2916.2, Shipped   ,4,11,2004,1,35,83.32, S24_4278   , Technics Stores Inc.                
10328, 11/12/2004 0:00,2616.98, Shipped   ,4,11,2004,4,43,60.86, S24_4278   , Rovelli Gifts                       
10340, 11/24/2004 0:00,3390.8, Shipped   ,4,11,2004,1,40,84.77, S24_4278   , Enaco Distributors                  
10353, 12/4/2004 0:00 ,3146.5, Shipped   ,4,12,2004,3,35,89.9, S24_4278   , Gift Ideas Corp.                    
10361, 12/17/2004 0:00,1561.5, Shipped   ,4,12,2004,1,25,62.46, S24_4278   , Souveniers And Things Co.           
10211, 1/15/2004 0:00 ,2027.52, Shipped   ,1,1,2004,6,22,92.16, S24_4620   , Auto Canal Petit                    
10225, 2/22/2004 0:00 ,3235.18, Shipped   ,1,2,2004,13,46,70.33, S24_4620   ," ""Vida Sport Ltd""                   "
10238, 4/9/2004 0:00  ,2062.94, Shipped   ,2,4,2004,7,22,93.77, S24_4620   , Danish Wholesale Imports            
10252, 5/26/2004 0:00 ,3317.78, Shipped   ,2,5,2004,3,38,87.31, S24_4620   , Auto Canal Petit                    
10264, 6/30/2004 0:00 ,3913.69, Shipped   ,2,6,2004,1,47,83.27, S24_4620   , Gifts4AllAges.com                   
10276, 8/2/2004 0:00  ,3608.64, Shipped   ,3,8,2004,7,48,75.18, S24_4620   , Online Mini Collectables            
10287, 8/30/2004 0:00 ,3524.8, Shipped   ,3,8,2004,16,40,88.12, S24_4620   ," ""Vida Sport Ltd""                   "
10299, 9/30/2004 0:00 ,2586.88, Shipped   ,3,9,2004,1,32,80.84, S24_4620   ," ""Toys of Finland Co.""              "
10310, 10/16/2004 0:00,4753.49, Shipped   ,4,10,2004,14,49,97.01, S24_4620   ," ""Toms Spezialitten Ltd""            "
10319, 11/3/2004 0:00 ,3684.67, Shipped   ,4,11,2004,2,43,85.69, S24_4620   , Microscale Inc.                     
10331, 11/17/2004 0:00,5715.4, Shipped   ,4,11,2004,2,41,100.0, S24_4620   , Motor Mint Distributors Inc.        
10343, 11/24/2004 0:00,3098.7, Shipped   ,4,11,2004,1,30,100.0, S24_4620   , Reims Collectables                  
10355, 12/7/2004 0:00 ,2670.92, Shipped   ,4,12,2004,9,28,95.39, S24_4620   , Euro Shopping Channel               
10217, 2/4/2004 0:00  ,2244.9, Shipped   ,1,2,2004,3,21,100.0, S32_1268   , Handji Gifts& Co                    
10229, 3/11/2004 0:00 ,2793.0, Shipped   ,1,3,2004,8,25,100.0, S32_1268   , Mini Gifts Distributors Ltd.        
10245, 5/4/2004 0:00  ,4133.64, Shipped   ,2,5,2004,1,37,100.0, S32_1268   , Super Scale Inc.                    
10259, 6/15/2004 0:00 ,3900.6, Shipped   ,2,6,2004,11,45,86.68, S32_1268   , Handji Gifts& Co                    
10270, 7/19/2004 0:00 ,2743.04, Shipped   ,3,7,2004,1,32,85.72, S32_1268   , Souveniers And Things Co.           
10281, 8/19/2004 0:00 ,2402.07, Shipped   ,3,8,2004,8,29,82.83, S32_1268   , Diecast Classics Inc.               
10291, 9/8/2004 0:00  ,2178.54, Shipped   ,3,9,2004,3,26,83.79, S32_1268   , Scandinavian Gift Ideas             
10305, 10/13/2004 0:00,3155.04, Shipped   ,4,10,2004,12,28,100.0, S32_1268   , Marta's Replicas Co.                
10313, 10/22/2004 0:00,2366.28, Shipped   ,4,10,2004,6,27,87.64, S32_1268   , Canadian Gift Exchange Network      
10324, 11/5/2004 0:00 ,1963.6, Shipped   ,4,11,2004,11,20,98.18, S32_1268   , Vitachrome Inc.                     
10335, 11/19/2004 0:00,4746.28, Shipped   ,4,11,2004,1,44,100.0, S32_1268   , Mini Gifts Distributors Ltd.        
10348, 11/1/2004 0:00 ,6386.94, Shipped   ,4,11,2004,3,42,100.0, S32_1268   ," ""Corrida Auto Replicas Ltd""        "
10358, 12/10/2004 0:00,4428.0, Shipped   ,4,12,2004,1,41,100.0, S32_1268   , Euro Shopping Channel               
10210, 1/12/2004 0:00 ,3675.86, Shipped   ,1,1,2004,5,46,79.91, S32_1374   , Osaka Souveniers Co.                
10223, 2/20/2004 0:00 ,2475.27, Shipped   ,1,2,2004,7,21,100.0, S32_1374   ," ""Australian Collectors Co.""        "
10235, 4/2/2004 0:00  ,4177.49, Shipped   ,2,4,2004,1,41,100.0, S32_1374   ," ""Royal Canadian Collectables Ltd."" "
10250, 5/11/2004 0:00 ,3282.28, Shipped   ,2,5,2004,2,31,100.0, S32_1374   , The Sharp Gifts Warehouse           
10263, 6/28/2004 0:00 ,2477.21, Shipped   ,2,6,2004,8,31,79.91, S32_1374   , Gift Depot Inc.                     
10275, 7/23/2004 0:00 ,1883.93, Shipped   ,3,7,2004,7,23,81.91, S32_1374   , La Rochelle Gifts                   
10285, 8/27/2004 0:00 ,3658.93, Shipped   ,3,8,2004,12,37,98.89, S32_1374   , Marta's Replicas Co.                
10297, 9/16/2004 0:00 ,2856.88, Shipped   ,3,9,2004,2,26,100.0, S32_1374   ," ""Clover Collections Co.""           "
10308, 10/15/2004 0:00,1917.84, Shipped   ,4,10,2004,5,24,79.91, S32_1374   , Mini Classics                       
10318, 11/2/2004 0:00 ,5305.36, Shipped   ,4,11,2004,7,47,100.0, S32_1374   , Diecast Classics Inc.               
10329, 11/15/2004 0:00,2875.95, Shipped   ,4,11,2004,11,45,63.91, S32_1374   , Land of Toys Inc.                   
10340, 11/24/2004 0:00,6482.85, Shipped   ,4,11,2004,2,55,100.0, S32_1374   , Enaco Distributors                  
10353, 12/4/2004 0:00 ,3733.82, Shipped   ,4,12,2004,5,46,81.17, S32_1374   , Gift Ideas Corp.                    
10211, 1/15/2004 0:00 ,1731.84, Shipped   ,1,1,2004,9,41,42.24, S32_2206   , Auto Canal Petit                    
10224, 2/21/2004 0:00 ,1695.49, Shipped   ,1,2,2004,2,43,39.43, S32_2206   , Daedalus Designs Imports            
10237, 4/5/2004 0:00  ,1045.98, Shipped   ,2,4,2004,2,26,40.23, S32_2206   , Vitachrome Inc.                     
10252, 5/26/2004 0:00 ,1738.08, Shipped   ,2,5,2004,6,36,48.28, S32_2206   , Auto Canal Petit                    
10264, 6/30/2004 0:00 ,651.8, Shipped   ,2,6,2004,4,20,32.59, S32_2206   , Gifts4AllAges.com                   
10276, 8/2/2004 0:00  ,988.47, Shipped   ,3,8,2004,10,27,36.61, S32_2206   , Online Mini Collectables            
10285, 8/27/2004 0:00 ,1518.11, Shipped   ,3,8,2004,1,37,41.03, S32_2206   , Marta's Replicas Co.                
10299, 9/30/2004 0:00 ,1013.76, Shipped   ,3,9,2004,4,24,42.24, S32_2206   ," ""Toys of Finland Co.""              "
10310, 10/16/2004 0:00,1549.8, Shipped   ,4,10,2004,17,36,43.05, S32_2206   ," ""Toms Spezialitten Ltd""            "
10319, 11/3/2004 0:00 ,1108.38, Shipped   ,4,11,2004,5,29,38.22, S32_2206   , Microscale Inc.                     
10331, 11/17/2004 0:00,4102.56, Shipped   ,4,11,2004,3,28,100.0, S32_2206   , Motor Mint Distributors Inc.        
10343, 11/24/2004 0:00,3713.16, Shipped   ,4,11,2004,5,29,100.0, S32_2206   , Reims Collectables                  
10355, 12/7/2004 0:00 ,1513.54, Shipped   ,4,12,2004,10,38,39.83, S32_2206   , Euro Shopping Channel               
10219, 2/10/2004 0:00 ,1931.65, Shipped   ,1,2,2004,4,35,55.19, S32_2509   , Signal Collectibles Ltd.            
10229, 3/11/2004 0:00 ,1244.53, Shipped   ,1,3,2004,3,23,54.11, S32_2509   , Mini Gifts Distributors Ltd.        
10246, 5/5/2004 0:00  ,1704.5, Shipped   ,2,5,2004,7,35,48.7, S32_2509   , Euro Shopping Channel               
10259, 6/15/2004 0:00 ,1753.2, Shipped   ,2,6,2004,6,40,43.83, S32_2509   , Handji Gifts& Co                    
10271, 7/20/2004 0:00 ,1666.7, Shipped   ,3,7,2004,7,35,47.62, S32_2509   , Mini Gifts Distributors Ltd.        
10281, 8/19/2004 0:00 ,1710.89, Shipped   ,3,8,2004,3,31,55.19, S32_2509   , Diecast Classics Inc.               
10292, 9/8/2004 0:00  ,2326.5, Shipped   ,3,9,2004,10,50,46.53, S32_2509   , Land of Toys Inc.                   
10305, 10/13/2004 0:00,2316.0, Shipped   ,4,10,2004,7,40,57.9, S32_2509   , Marta's Replicas Co.                
10313, 10/22/2004 0:00,1727.1, Shipped   ,4,10,2004,1,38,45.45, S32_2509   , Canadian Gift Exchange Network      
10325, 11/5/2004 0:00 ,8844.12, Shipped   ,4,11,2004,3,38,100.0, S32_2509   , Baane Mini Imports                  
10335, 11/19/2004 0:00,2424.0, Shipped   ,4,11,2004,3,40,60.6, S32_2509   , Mini Gifts Distributors Ltd.        
10349, 12/1/2004 0:00 ,1535.49, Shipped   ,4,12,2004,1,33,46.53, S32_2509   , Muscle Machine Inc                  
10359, 12/15/2004 0:00,6358.68, Shipped   ,4,12,2004,3,36,100.0, S32_2509   , Reims Collectables                  
10220, 2/12/2004 0:00 ,1056.4, Shipped   ,1,2,2004,6,20,52.82, S32_3207   ," ""Clover Collections Co.""           "
10230, 3/15/2004 0:00 ,2801.4, Shipped   ,1,3,2004,4,46,60.9, S32_3207   ," ""Blauer See Auto Co.""              "
10247, 5/5/2004 0:00  ,1988.4, Shipped   ,2,5,2004,6,40,49.71, S32_3207   , Suominen Souveniers                 
10272, 7/20/2004 0:00 ,2908.35, Shipped   ,3,7,2004,6,45,64.63, S32_3207   , Diecast Classics Inc.               
10282, 8/20/2004 0:00 ,2147.4, Shipped   ,3,8,2004,9,36,59.65, S32_3207   , Mini Gifts Distributors Ltd.        
10292, 9/8/2004 0:00  ,2099.63, Shipped   ,3,9,2004,3,31,67.73, S32_3207   , Land of Toys Inc.                   
10306, 10/14/2004 0:00,2315.18, Shipped   ,4,10,2004,17,46,50.33, S32_3207   ," ""AV Stores Co.""                    "
10314, 10/22/2004 0:00,2327.15, Shipped   ,4,10,2004,9,35,66.49, S32_3207   , Heintze Collectables                
10325, 11/5/2004 0:00 ,5377.4, Shipped   ,4,11,2004,2,28,100.0, S32_3207   , Baane Mini Imports                  
10336, 11/20/2004 0:00,2626.01, Shipped   ,4,11,2004,9,31,84.71, S32_3207   ," ""La Corne D'abondance Co.""         "
10350, 12/2/2004 0:00 ,4406.4, Shipped   ,4,12,2004,14,27,100.0, S32_3207   , Euro Shopping Channel               
10359, 12/15/2004 0:00,4301.22, Shipped   ,4,12,2004,1,22,100.0, S32_3207   , Reims Collectables                  
10217, 2/4/2004 0:00  ,2419.95, Shipped   ,1,2,2004,7,39,62.05, S32_3522   , Handji Gifts& Co                    
10229, 3/11/2004 0:00 ,2191.2, Shipped   ,1,3,2004,12,30,73.04, S32_3522   , Mini Gifts Distributors Ltd.        
10245, 5/4/2004 0:00  ,3043.04, Shipped   ,2,5,2004,5,44,69.16, S32_3522   , Super Scale Inc.                    
10258, 6/15/2004 0:00 ,1228.2, Shipped   ,2,6,2004,2,20,61.41, S32_3522   ," ""Tokyo Collectables Ltd""           "
10270, 7/19/2004 0:00 ,1330.35, Shipped   ,3,7,2004,5,21,63.35, S32_3522   , Souveniers And Things Co.           
10281, 8/19/2004 0:00 ,2792.52, Shipped   ,3,8,2004,12,36,77.57, S32_3522   , Diecast Classics Inc.               
10291, 9/8/2004 0:00  ,2296.0, Shipped   ,3,9,2004,7,32,71.75, S32_3522   , Scandinavian Gift Ideas             
10304, 10/11/2004 0:00,2629.44, Shipped   ,4,10,2004,2,36,73.04, S32_3522   , Auto Assoc. & Cie.                  
10313, 10/22/2004 0:00,1912.16, Shipped   ,4,10,2004,10,34,56.24, S32_3522   , Canadian Gift Exchange Network      
10324, 11/5/2004 0:00 ,8209.44, Shipped   ,4,11,2004,4,48,100.0, S32_3522   , Vitachrome Inc.                     
10333, 11/18/2004 0:00,2431.77, Shipped   ,4,11,2004,4,33,73.69, S32_3522   , Mini Wheels Co.                     
10348, 11/1/2004 0:00 ,3139.99, Shipped   ,4,11,2004,5,31,100.0, S32_3522   ," ""Corrida Auto Replicas Ltd""        "
10358, 12/10/2004 0:00,5669.64, Shipped   ,4,12,2004,2,36,100.0, S32_3522   , Euro Shopping Channel               
10210, 1/12/2004 0:00 ,2307.24, Shipped   ,1,1,2004,10,39,59.16, S32_4289   , Osaka Souveniers Co.                
10223, 2/20/2004 0:00 ,1320.8, Shipped   ,1,2,2004,12,20,66.04, S32_4289   ," ""Australian Collectors Co.""        "
10235, 4/2/2004 0:00  ,2642.82, Shipped   ,2,4,2004,6,34,77.73, S32_4289   ," ""Royal Canadian Collectables Ltd."" "
10250, 5/11/2004 0:00 ,3061.0, Shipped   ,2,5,2004,7,50,61.22, S32_4289   , The Sharp Gifts Warehouse           
10262, 6/24/2004 0:00 ,3164.4, Cancelled ,2,6,2004,2,40,79.11, S32_4289   , Euro Shopping Channel               
10275, 7/23/2004 0:00 ,1791.16, Shipped   ,3,7,2004,12,28,63.97, S32_4289   , La Rochelle Gifts                   
10284, 8/21/2004 0:00 ,4093.0, Shipped   ,3,8,2004,4,50,81.86, S32_4289   ," ""Norway Gifts By Mail Co.""         "
10297, 9/16/2004 0:00 ,2234.4, Shipped   ,3,9,2004,7,28,79.8, S32_4289   ," ""Clover Collections Co.""           "
10308, 10/15/2004 0:00,3037.84, Shipped   ,4,10,2004,10,46,66.04, S32_4289   , Mini Classics                       
10316, 11/1/2004 0:00 ,1419.84, Shipped   ,4,11,2004,2,24,59.16, S32_4289   , giftsbymail.co.uk                   
10328, 11/12/2004 0:00,1948.08, Shipped   ,4,11,2004,5,24,81.17, S32_4289   , Rovelli Gifts                       
10340, 11/24/2004 0:00,2307.24, Shipped   ,4,11,2004,3,39,59.16, S32_4289   , Enaco Distributors                  
10353, 12/4/2004 0:00 ,1780.4, Shipped   ,4,12,2004,7,40,44.51, S32_4289   , Gift Ideas Corp.                    
10361, 12/17/2004 0:00,3544.17, Shipped   ,4,12,2004,2,49,72.33, S32_4289   , Souveniers And Things Co.           
10211, 1/15/2004 0:00 ,4040.03, Shipped   ,1,1,2004,12,37,100.0, S32_4485   , Auto Canal Petit                    
10224, 2/21/2004 0:00 ,3336.9, Shipped   ,1,2,2004,5,30,100.0, S32_4485   , Daedalus Designs Imports            
10237, 4/5/2004 0:00  ,3113.64, Shipped   ,2,4,2004,5,27,100.0, S32_4485   , Vitachrome Inc.                     
10252, 5/26/2004 0:00 ,2832.0, Shipped   ,2,5,2004,9,25,100.0, S32_4485   , Auto Canal Petit                    
10264, 6/30/2004 0:00 ,3330.98, Shipped   ,2,6,2004,7,34,97.97, S32_4485   , Gifts4AllAges.com                   
10276, 8/2/2004 0:00  ,4304.64, Shipped   ,3,8,2004,13,38,100.0, S32_4485   , Online Mini Collectables            
10285, 8/27/2004 0:00 ,2600.26, Shipped   ,3,8,2004,4,26,100.0, S32_4485   , Marta's Replicas Co.                
10299, 9/30/2004 0:00 ,4382.16, Shipped   ,3,9,2004,7,38,100.0, S32_4485   ," ""Toys of Finland Co.""              "
10309, 10/15/2004 0:00,4235.0, Shipped   ,4,10,2004,3,50,84.7, S32_4485   , Baane Mini Imports                  
10319, 11/3/2004 0:00 ,2626.8, Shipped   ,4,11,2004,8,22,100.0, S32_4485   , Microscale Inc.                     
10331, 11/17/2004 0:00,5026.56, Shipped   ,4,11,2004,4,32,100.0, S32_4485   , Motor Mint Distributors Inc.        
10341, 11/24/2004 0:00,2201.62, Shipped   ,4,11,2004,4,31,71.02, S32_4485   , Salzburg Collectables               
10355, 12/7/2004 0:00 ,4326.8, Shipped   ,4,12,2004,5,40,100.0, S32_4485   , Euro Shopping Channel               
10210, 1/12/2004 0:00 ,1763.86, Shipped   ,1,1,2004,11,43,41.02, S50_1341   , Osaka Souveniers Co.                
10223, 2/20/2004 0:00 ,1896.66, Shipped   ,1,2,2004,13,41,46.26, S50_1341   ," ""Australian Collectors Co.""        "
10235, 4/2/2004 0:00  ,1449.35, Shipped   ,2,4,2004,7,41,35.35, S50_1341   ," ""Royal Canadian Collectables Ltd."" "
10250, 5/11/2004 0:00 ,1869.48, Shipped   ,2,5,2004,8,36,51.93, S50_1341   , The Sharp Gifts Warehouse           
10262, 6/24/2004 0:00 ,1860.53, Cancelled ,2,6,2004,3,49,37.97, S50_1341   , Euro Shopping Channel               
10275, 7/23/2004 0:00 ,1724.82, Shipped   ,3,7,2004,13,38,45.39, S50_1341   , La Rochelle Gifts                   
10284, 8/21/2004 0:00 ,1713.69, Shipped   ,3,8,2004,5,33,51.93, S50_1341   ," ""Norway Gifts By Mail Co.""         "
10296, 9/15/2004 0:00 ,1259.44, Shipped   ,3,9,2004,1,26,48.44, S50_1341   ," ""Bavarian Collectables Imports Co."""
10308, 10/15/2004 0:00,2051.08, Shipped   ,4,10,2004,11,47,43.64, S50_1341   , Mini Classics                       
10316, 11/1/2004 0:00 ,1617.38, Shipped   ,4,11,2004,3,34,47.57, S50_1341   , giftsbymail.co.uk                   
10328, 11/12/2004 0:00,1765.62, Shipped   ,4,11,2004,7,34,51.93, S50_1341   , Rovelli Gifts                       
10340, 11/24/2004 0:00,2024.8, Shipped   ,4,11,2004,4,40,50.62, S50_1341   , Enaco Distributors                  
10353, 12/4/2004 0:00 ,3288.4, Shipped   ,4,12,2004,8,40,82.21, S50_1341   , Gift Ideas Corp.                    
10361, 12/17/2004 0:00,2725.47, Shipped   ,4,12,2004,3,33,82.59, S50_1341   , Souveniers And Things Co.           
10220, 2/12/2004 0:00 ,3983.05, Shipped   ,1,2,2004,9,37,100.0, S50_1392   ," ""Clover Collections Co.""           "
10230, 3/15/2004 0:00 ,3974.94, Shipped   ,1,3,2004,7,34,100.0, S50_1392   ," ""Blauer See Auto Co.""              "
10246, 5/5/2004 0:00  ,2928.42, Shipped   ,2,5,2004,3,22,100.0, S50_1392   , Euro Shopping Channel               
10259, 6/15/2004 0:00 ,3054.57, Shipped   ,2,6,2004,2,29,100.0, S50_1392   , Handji Gifts& Co                    
10271, 7/20/2004 0:00 ,3345.26, Shipped   ,3,7,2004,3,34,98.39, S50_1392   , Mini Gifts Distributors Ltd.        
10282, 8/20/2004 0:00 ,4310.72, Shipped   ,3,8,2004,12,38,100.0, S50_1392   , Mini Gifts Distributors Ltd.        
10292, 9/8/2004 0:00  ,4983.14, Shipped   ,3,9,2004,6,41,100.0, S50_1392   , Land of Toys Inc.                   
10305, 10/13/2004 0:00,4618.32, Shipped   ,4,10,2004,3,42,100.0, S50_1392   , Marta's Replicas Co.                
10314, 10/22/2004 0:00,3403.12, Shipped   ,4,10,2004,12,28,100.0, S50_1392   , Heintze Collectables                
10325, 11/5/2004 0:00 ,5190.42, Shipped   ,4,11,2004,4,38,100.0, S50_1392   , Baane Mini Imports                  
10336, 11/20/2004 0:00,3141.57, Shipped   ,4,11,2004,8,23,100.0, S50_1392   ," ""La Corne D'abondance Co.""         "
10350, 12/2/2004 0:00 ,2213.4, Shipped   ,4,12,2004,8,31,71.4, S50_1392   , Euro Shopping Channel               
10359, 12/15/2004 0:00,4896.7, Shipped   ,4,12,2004,2,46,100.0, S50_1392   , Reims Collectables                  
10208, 1/2/2004 0:00  ,1968.3, Shipped   ,1,1,2004,15,30,65.61, S50_1514   ," ""Saveley & Henriot Co.""            "
10220, 2/12/2004 0:00 ,2056.2, Shipped   ,1,2,2004,4,30,68.54, S50_1514   ," ""Clover Collections Co.""           "
10230, 3/15/2004 0:00 ,2242.02, Shipped   ,1,3,2004,2,43,52.14, S50_1514   ," ""Blauer See Auto Co.""              "
10247, 5/5/2004 0:00  ,3128.65, Shipped   ,2,5,2004,4,49,63.85, S50_1514   , Suominen Souveniers                 
10272, 7/20/2004 0:00 ,2443.26, Shipped   ,3,7,2004,4,43,56.82, S50_1514   , Diecast Classics Inc.               
10282, 8/20/2004 0:00 ,2470.86, Shipped   ,3,8,2004,7,37,66.78, S50_1514   , Mini Gifts Distributors Ltd.        
10292, 9/8/2004 0:00  ,1927.45, Shipped   ,3,9,2004,1,35,55.07, S50_1514   , Land of Toys Inc.                   
10306, 10/14/2004 0:00,2051.56, Shipped   ,4,10,2004,15,34,60.34, S50_1514   ," ""AV Stores Co.""                    "
10314, 10/22/2004 0:00,2337.38, Shipped   ,4,10,2004,7,38,61.51, S50_1514   , Heintze Collectables                
10325, 11/5/2004 0:00 ,5932.96, Shipped   ,4,11,2004,7,44,100.0, S50_1514   , Baane Mini Imports                  
10337, 11/21/2004 0:00,2296.77, Shipped   ,4,11,2004,6,21,100.0, S50_1514   , Classic Legends Inc.                
10350, 12/2/2004 0:00 ,6490.88, Shipped   ,4,12,2004,17,44,100.0, S50_1514   , Euro Shopping Channel               
10359, 12/15/2004 0:00,1623.25, Shipped   ,4,12,2004,4,25,64.93, S50_1514   , Reims Collectables                  
10211, 1/15/2004 0:00 ,3222.0, Shipped   ,1,1,2004,10,40,80.55, S50_4713   , Auto Canal Petit                    
10224, 2/21/2004 0:00 ,3864.5, Shipped   ,1,2,2004,3,50,77.29, S50_4713   , Daedalus Designs Imports            
10237, 4/5/2004 0:00  ,1366.8, Shipped   ,2,4,2004,3,20,68.34, S50_4713   , Vitachrome Inc.                     
10252, 5/26/2004 0:00 ,3475.68, Shipped   ,2,5,2004,7,48,72.41, S50_4713   , Auto Canal Petit                    
10264, 6/30/2004 0:00 ,4206.5, Shipped   ,2,6,2004,5,47,89.5, S50_4713   , Gifts4AllAges.com                   
10276, 8/2/2004 0:00  ,1486.38, Shipped   ,3,8,2004,11,21,70.78, S50_4713   , Online Mini Collectables            
10285, 8/27/2004 0:00 ,3077.88, Shipped   ,3,8,2004,2,39,78.92, S50_4713   , Marta's Replicas Co.                
10299, 9/30/2004 0:00 ,3544.2, Shipped   ,3,9,2004,5,44,80.55, S50_4713   ," ""Toys of Finland Co.""              "
10309, 10/15/2004 0:00,2483.04, Shipped   ,4,10,2004,1,28,88.68, S50_4713   , Baane Mini Imports                  
10319, 11/3/2004 0:00 ,3478.05, Shipped   ,4,11,2004,6,45,77.29, S50_4713   , Microscale Inc.                     
10331, 11/17/2004 0:00,3657.8, Shipped   ,4,11,2004,5,20,100.0, S50_4713   , Motor Mint Distributors Inc.        
10341, 11/24/2004 0:00,4682.36, Shipped   ,4,11,2004,3,38,100.0, S50_4713   , Salzburg Collectables               
10356, 12/9/2004 0:00 ,3937.7, Shipped   ,4,12,2004,4,26,100.0, S50_4713   , Lyon Souveniers                     
10208, 1/2/2004 0:00  ,2837.46, Shipped   ,1,1,2004,3,38,74.67, S700_1138  ," ""Saveley & Henriot Co.""            "
10222, 2/19/2004 0:00 ,1942.77, Shipped   ,1,2,2004,15,31,62.67, S700_1138  , Collectable Mini Designs Co.        
10233, 3/29/2004 0:00 ,2544.12, Shipped   ,1,3,2004,3,36,70.67, S700_1138  , Tekni Collectables Inc.             
10248, 5/7/2004 0:00  ,2568.24, Cancelled ,2,5,2004,6,36,71.34, S700_1138  , Land of Toys Inc.                   
10261, 6/17/2004 0:00 ,2108.0, Shipped   ,2,6,2004,4,34,62.0, S700_1138  , Quebec Home Shopping Network        
10273, 7/21/2004 0:00 ,1372.14, Shipped   ,3,7,2004,7,21,65.34, S700_1138  , Petit Auto                          
10283, 8/20/2004 0:00 ,3540.15, Shipped   ,3,8,2004,9,45,78.67, S700_1138  ," ""Royal Canadian Collectables Ltd."" "
10295, 9/10/2004 0:00 ,1958.84, Shipped   ,3,9,2004,4,26,75.34, S700_1138  , Gifts4AllAges.com                   
10306, 10/14/2004 0:00,2700.0, Shipped   ,4,10,2004,3,50,54.0, S700_1138  ," ""AV Stores Co.""                    "
10315, 10/29/2004 0:00,2542.0, Shipped   ,4,10,2004,2,41,62.0, S700_1138  , La Rochelle Gifts                   
10326, 11/9/2004 0:00 ,2340.0, Shipped   ,4,11,2004,1,39,60.0, S700_1138  ," ""Volvo Model Replicas Co""          "
10339, 11/23/2004 0:00,2816.44, Shipped   ,4,11,2004,5,22,100.0, S700_1138  ," ""Tokyo Collectables Ltd""           "
10350, 12/2/2004 0:00 ,3526.82, Shipped   ,4,12,2004,11,46,76.67, S700_1138  , Euro Shopping Channel               
10210, 1/12/2004 0:00 ,1649.55, Shipped   ,1,1,2004,12,21,78.55, S700_1691  , Osaka Souveniers Co.                
10223, 2/20/2004 0:00 ,2534.75, Shipped   ,1,2,2004,14,25,100.0, S700_1691  ," ""Australian Collectors Co.""        "
10235, 4/2/2004 0:00  ,2580.25, Shipped   ,2,4,2004,8,25,100.0, S700_1691  ," ""Royal Canadian Collectables Ltd."" "
10250, 5/11/2004 0:00 ,2831.54, Shipped   ,2,5,2004,9,31,91.34, S700_1691  , The Sharp Gifts Warehouse           
10262, 6/24/2004 0:00 ,3361.2, Cancelled ,2,6,2004,4,40,84.03, S700_1691  , Euro Shopping Channel               
10275, 7/23/2004 0:00 ,2864.32, Shipped   ,3,7,2004,14,32,89.51, S700_1691  , La Rochelle Gifts                   
10284, 8/21/2004 0:00 ,1994.88, Shipped   ,3,8,2004,6,24,83.12, S700_1691  ," ""Norway Gifts By Mail Co.""         "
10296, 9/15/2004 0:00 ,4296.6, Shipped   ,3,9,2004,2,42,100.0, S700_1691  ," ""Bavarian Collectables Imports Co."""
10308, 10/15/2004 0:00,2224.95, Shipped   ,4,10,2004,12,21,100.0, S700_1691  , Mini Classics                       
10316, 11/1/2004 0:00 ,2795.14, Shipped   ,4,11,2004,4,34,82.21, S700_1691  , giftsbymail.co.uk                   
10328, 11/12/2004 0:00,2762.1, Shipped   ,4,11,2004,8,27,100.0, S700_1691  , Rovelli Gifts                       
10340, 11/24/2004 0:00,2658.0, Shipped   ,4,11,2004,5,30,88.6, S700_1691  , Enaco Distributors                  
10353, 12/4/2004 0:00 ,5043.87, Shipped   ,4,12,2004,9,39,100.0, S700_1691  , Gift Ideas Corp.                    
10361, 12/17/2004 0:00,1210.8, Shipped   ,4,12,2004,4,20,60.54, S700_1691  , Souveniers And Things Co.           
10208, 1/2/2004 0:00  ,3222.0, Shipped   ,1,1,2004,10,40,80.55, S700_1938  ," ""Saveley & Henriot Co.""            "
10221, 2/18/2004 0:00 ,2231.0, Shipped   ,1,2,2004,4,23,97.0, S700_1938  , Petit Auto                          
10232, 3/20/2004 0:00 ,2296.84, Shipped   ,1,3,2004,7,26,88.34, S700_1938  , giftsbymail.co.uk                   
10248, 5/7/2004 0:00  ,4157.2, Cancelled ,2,5,2004,13,40,100.0, S700_1938  , Land of Toys Inc.                   
10273, 7/21/2004 0:00 ,2146.2, Shipped   ,3,7,2004,14,21,100.0, S700_1938  , Petit Auto                          
10282, 8/20/2004 0:00 ,3724.23, Shipped   ,3,8,2004,2,43,86.61, S700_1938  , Mini Gifts Distributors Ltd.        
10293, 9/9/2004 0:00  ,2084.81, Shipped   ,3,9,2004,5,29,71.89, S700_1938  , Amica Models & Co.                  
10306, 10/14/2004 0:00,3488.78, Shipped   ,4,10,2004,10,38,91.81, S700_1938  ," ""AV Stores Co.""                    "
10314, 10/22/2004 0:00,1753.06, Shipped   ,4,10,2004,2,23,76.22, S700_1938  , Heintze Collectables                
10327, 11/10/2004 0:00,3469.2, Resolved  ,4,11,2004,7,20,100.0, S700_1938  , Danish Wholesale Imports            
10337, 11/21/2004 0:00,2530.8, Shipped   ,4,11,2004,9,36,70.3, S700_1938  , Classic Legends Inc.                
10350, 12/2/2004 0:00 ,2924.32, Shipped   ,4,12,2004,4,28,100.0, S700_1938  , Euro Shopping Channel               
10209, 1/9/2004 0:00  ,2927.43, Shipped   ,1,1,2004,4,33,88.71, S700_2047  ," ""Men 'R' US Retailers Ltd.""        "
10222, 2/19/2004 0:00 ,2659.54, Shipped   ,1,2,2004,8,26,100.0, S700_2047  , Collectable Mini Designs Co.        
10249, 5/8/2004 0:00  ,3838.0, Shipped   ,2,5,2004,4,40,95.95, S700_2047  , Cambridge Collectables Co.          
10262, 6/24/2004 0:00 ,4142.16, Cancelled ,2,6,2004,13,44,94.14, S700_2047  , Euro Shopping Channel               
10274, 7/21/2004 0:00 ,2172.48, Shipped   ,3,7,2004,5,24,90.52, S700_2047  , Collectables For Less Inc.          
10283, 8/20/2004 0:00 ,1882.8, Shipped   ,3,8,2004,2,20,94.14, S700_2047  ," ""Royal Canadian Collectables Ltd."" "
10296, 9/15/2004 0:00 ,3477.86, Shipped   ,3,9,2004,11,34,100.0, S700_2047  ," ""Bavarian Collectables Imports Co."""
10307, 10/14/2004 0:00,3323.84, Shipped   ,4,10,2004,5,34,97.76, S700_2047  ," ""Classic Gift Ideas Inc""           "
10316, 11/1/2004 0:00 ,4195.8, Shipped   ,4,11,2004,13,45,93.24, S700_2047  , giftsbymail.co.uk                   
10328, 11/12/2004 0:00,4156.58, Shipped   ,4,11,2004,9,41,100.0, S700_2047  , Rovelli Gifts                       
10339, 11/23/2004 0:00,3918.75, Shipped   ,4,11,2004,15,55,71.25, S700_2047  ," ""Tokyo Collectables Ltd""           "
10352, 12/3/2004 0:00 ,2352.67, Shipped   ,4,12,2004,3,23,100.0, S700_2047  , Auto-Moto Classics Inc.             
10361, 12/17/2004 0:00,1089.36, Shipped   ,4,12,2004,14,24,45.39, S700_2047  , Souveniers And Things Co.           
10210, 1/12/2004 0:00 ,2592.72, Shipped   ,1,1,2004,14,26,99.72, S700_2466  , Osaka Souveniers Co.                
10222, 2/19/2004 0:00 ,3246.75, Shipped   ,1,2,2004,1,37,87.75, S700_2466  , Collectable Mini Designs Co.        
10235, 4/2/2004 0:00  ,3372.5, Shipped   ,2,4,2004,10,38,88.75, S700_2466  ," ""Royal Canadian Collectables Ltd."" "
10250, 5/11/2004 0:00 ,3909.15, Shipped   ,2,5,2004,11,35,100.0, S700_2466  , The Sharp Gifts Warehouse           
10262, 6/24/2004 0:00 ,2994.75, Cancelled ,2,6,2004,6,33,90.75, S700_2466  , Euro Shopping Channel               
10275, 7/23/2004 0:00 ,4472.52, Shipped   ,3,7,2004,16,39,100.0, S700_2466  , La Rochelle Gifts                   
10284, 8/21/2004 0:00 ,4576.95, Shipped   ,3,8,2004,8,45,100.0, S700_2466  ," ""Norway Gifts By Mail Co.""         "
10296, 9/15/2004 0:00 ,2441.04, Shipped   ,3,9,2004,4,24,100.0, S700_2466  ," ""Bavarian Collectables Imports Co."""
10308, 10/15/2004 0:00,3106.25, Shipped   ,4,10,2004,14,35,88.75, S700_2466  , Mini Classics                       
10316, 11/1/2004 0:00 ,2706.41, Shipped   ,4,11,2004,6,23,100.0, S700_2466  , giftsbymail.co.uk                   
10328, 11/12/2004 0:00,4021.53, Shipped   ,4,11,2004,10,37,100.0, S700_2466  , Rovelli Gifts                       
10340, 11/24/2004 0:00,4826.25, Shipped   ,4,11,2004,7,55,87.75, S700_2466  , Enaco Distributors                  
10352, 12/3/2004 0:00 ,4935.28, Shipped   ,4,12,2004,2,49,100.0, S700_2466  , Auto-Moto Classics Inc.             
10361, 12/17/2004 0:00,2754.7, Shipped   ,4,12,2004,9,26,100.0, S700_2466  , Souveniers And Things Co.           
10208, 1/2/2004 0:00  ,3424.7, Shipped   ,1,1,2004,1,46,74.45, S700_2610  ," ""Saveley & Henriot Co.""            "
10222, 2/19/2004 0:00 ,2914.2, Shipped   ,1,2,2004,13,36,80.95, S700_2610  , Collectable Mini Designs Co.        
10233, 3/29/2004 0:00 ,2389.6, Shipped   ,1,3,2004,1,29,82.4, S700_2610  , Tekni Collectables Inc.             
10248, 5/7/2004 0:00  ,2428.48, Cancelled ,2,5,2004,4,32,75.89, S700_2610  , Land of Toys Inc.                   
10261, 6/17/2004 0:00 ,3021.48, Shipped   ,2,6,2004,2,44,68.67, S700_2610  , Quebec Home Shopping Network        
10273, 7/21/2004 0:00 ,2610.72, Shipped   ,3,7,2004,5,42,62.16, S700_2610  , Petit Auto                          
10283, 8/20/2004 0:00 ,3091.19, Shipped   ,3,8,2004,7,47,65.77, S700_2610  ," ""Royal Canadian Collectables Ltd."" "
10295, 9/10/2004 0:00 ,2576.2, Shipped   ,3,9,2004,2,44,58.55, S700_2610  , Gifts4AllAges.com                   
10306, 10/14/2004 0:00,3232.31, Shipped   ,4,10,2004,1,43,75.17, S700_2610  ," ""AV Stores Co.""                    "
10316, 11/1/2004 0:00 ,3573.6, Shipped   ,4,11,2004,18,48,74.45, S700_2610  , giftsbymail.co.uk                   
10327, 11/10/2004 0:00,2022.51, Resolved  ,4,11,2004,1,21,96.31, S700_2610  , Danish Wholesale Imports            
10339, 11/23/2004 0:00,3717.5, Shipped   ,4,11,2004,9,50,74.35, S700_2610  ," ""Tokyo Collectables Ltd""           "
10350, 12/2/2004 0:00 ,2185.15, Shipped   ,4,12,2004,12,29,75.35, S700_2610  , Euro Shopping Channel               
10217, 2/4/2004 0:00  ,2728.0, Shipped   ,1,2,2004,6,31,88.0, S700_2824  , Handji Gifts& Co                    
10229, 3/11/2004 0:00 ,5614.0, Shipped   ,1,3,2004,11,50,100.0, S700_2824  , Mini Gifts Distributors Ltd.        
10245, 5/4/2004 0:00  ,4628.8, Shipped   ,2,5,2004,4,44,100.0, S700_2824  , Super Scale Inc.                    
10258, 6/15/2004 0:00 ,3641.4, Shipped   ,2,6,2004,1,45,80.92, S700_2824  ," ""Tokyo Collectables Ltd""           "
10270, 7/19/2004 0:00 ,4048.0, Shipped   ,3,7,2004,4,46,88.0, S700_2824  , Souveniers And Things Co.           
10281, 8/19/2004 0:00 ,2321.46, Shipped   ,3,8,2004,11,27,85.98, S700_2824  , Diecast Classics Inc.               
10291, 9/8/2004 0:00  ,3256.96, Shipped   ,3,9,2004,6,28,100.0, S700_2824  , Scandinavian Gift Ideas             
10304, 10/11/2004 0:00,4208.0, Shipped   ,4,10,2004,1,40,100.0, S700_2824  , Auto Assoc. & Cie.                  
10313, 10/22/2004 0:00,2973.9, Shipped   ,4,10,2004,9,30,99.13, S700_2824  , Canadian Gift Exchange Network      
10324, 11/5/2004 0:00 ,4248.3, Shipped   ,4,11,2004,5,34,100.0, S700_2824  , Vitachrome Inc.                     
10336, 11/20/2004 0:00,9558.8, Shipped   ,4,11,2004,2,46,100.0, S700_2824  ," ""La Corne D'abondance Co.""         "
10348, 11/1/2004 0:00 ,2650.56, Shipped   ,4,11,2004,7,32,82.83, S700_2824  ," ""Corrida Auto Replicas Ltd""        "
10358, 12/10/2004 0:00,3761.37, Shipped   ,4,12,2004,3,27,100.0, S700_2824  , Euro Shopping Channel               
10210, 1/12/2004 0:00 ,2818.0, Shipped   ,1,1,2004,6,25,100.0, S700_2834  , Osaka Souveniers Co.                
10223, 2/20/2004 0:00 ,3199.86, Shipped   ,1,2,2004,8,29,100.0, S700_2834  ," ""Australian Collectors Co.""        "
10235, 4/2/2004 0:00  ,2402.75, Shipped   ,2,4,2004,2,25,96.11, S700_2834  ," ""Royal Canadian Collectables Ltd."" "
10250, 5/11/2004 0:00 ,6055.72, Shipped   ,2,5,2004,3,44,100.0, S700_2834  , The Sharp Gifts Warehouse           
10263, 6/28/2004 0:00 ,5465.16, Shipped   ,2,6,2004,9,47,100.0, S700_2834  , Gift Depot Inc.                     
10275, 7/23/2004 0:00 ,6378.72, Shipped   ,3,7,2004,8,48,100.0, S700_2834  , La Rochelle Gifts                   
10285, 8/27/2004 0:00 ,5392.8, Shipped   ,3,8,2004,13,45,100.0, S700_2834  , Marta's Replicas Co.                
10297, 9/16/2004 0:00 ,3986.5, Shipped   ,3,9,2004,3,35,100.0, S700_2834  ," ""Clover Collections Co.""           "
10308, 10/15/2004 0:00,4009.23, Shipped   ,4,10,2004,6,31,100.0, S700_2834  , Mini Classics                       
10318, 11/2/2004 0:00 ,7119.0, Shipped   ,4,11,2004,8,50,100.0, S700_2834  , Diecast Classics Inc.               
10328, 11/12/2004 0:00,4072.2, Shipped   ,4,11,2004,11,33,100.0, S700_2834  , Rovelli Gifts                       
10340, 11/24/2004 0:00,4094.51, Shipped   ,4,11,2004,6,29,100.0, S700_2834  , Enaco Distributors                  
10353, 12/4/2004 0:00 ,3302.4, Shipped   ,4,12,2004,4,48,68.8, S700_2834  , Gift Ideas Corp.                    
10361, 12/17/2004 0:00,3186.48, Shipped   ,4,12,2004,5,44,72.42, S700_2834  , Souveniers And Things Co.           
10210, 1/12/2004 0:00 ,2678.4, Shipped   ,1,1,2004,13,31,86.4, S700_3167  , Osaka Souveniers Co.                
10223, 2/20/2004 0:00 ,1747.2, Shipped   ,1,2,2004,15,26,67.2, S700_3167  ," ""Australian Collectors Co.""        "
10235, 4/2/2004 0:00  ,2944.0, Shipped   ,2,4,2004,9,32,92.0, S700_3167  ," ""Royal Canadian Collectables Ltd."" "
10250, 5/11/2004 0:00 ,2956.8, Shipped   ,2,5,2004,10,44,67.2, S700_3167  , The Sharp Gifts Warehouse           
10262, 6/24/2004 0:00 ,2052.0, Cancelled ,2,6,2004,5,27,76.0, S700_3167  , Euro Shopping Channel               
10275, 7/23/2004 0:00 ,3164.8, Shipped   ,3,7,2004,15,43,73.6, S700_3167  , La Rochelle Gifts                   
10284, 8/21/2004 0:00 ,1740.0, Shipped   ,3,8,2004,7,25,69.6, S700_3167  ," ""Norway Gifts By Mail Co.""         "
10296, 9/15/2004 0:00 ,1777.6, Shipped   ,3,9,2004,3,22,80.8, S700_3167  ," ""Bavarian Collectables Imports Co."""
10308, 10/15/2004 0:00,1831.2, Shipped   ,4,10,2004,13,21,87.2, S700_3167  , Mini Classics                       
10316, 11/1/2004 0:00 ,3609.6, Shipped   ,4,11,2004,5,48,75.2, S700_3167  , giftsbymail.co.uk                   
10328, 11/12/2004 0:00,2112.0, Shipped   ,4,11,2004,13,33,64.0, S700_3167  , Rovelli Gifts                       
10341, 11/24/2004 0:00,3644.12, Shipped   ,4,11,2004,5,34,100.0, S700_3167  , Salzburg Collectables               
10353, 12/4/2004 0:00 ,3523.85, Shipped   ,4,12,2004,6,43,81.95, S700_3167  , Gift Ideas Corp.                    
10361, 12/17/2004 0:00,5001.92, Shipped   ,4,12,2004,10,44,100.0, S700_3167  , Souveniers And Things Co.           
10208, 1/2/2004 0:00  ,4447.4, Shipped   ,1,1,2004,4,37,100.0, S700_3505  ," ""Saveley & Henriot Co.""            "
10222, 2/19/2004 0:00 ,4187.22, Shipped   ,1,2,2004,16,38,100.0, S700_3505  , Collectable Mini Designs Co.        
10232, 3/20/2004 0:00 ,4615.68, Shipped   ,1,3,2004,1,48,96.16, S700_3505  , giftsbymail.co.uk                   
10248, 5/7/2004 0:00  ,3245.4, Cancelled ,2,5,2004,7,30,100.0, S700_3505  , Land of Toys Inc.                   
10261, 6/17/2004 0:00 ,2203.75, Shipped   ,2,6,2004,5,25,88.15, S700_3505  , Quebec Home Shopping Network        
10273, 7/21/2004 0:00 ,3446.0, Shipped   ,3,7,2004,8,40,86.15, S700_3505  , Petit Auto                          
10283, 8/20/2004 0:00 ,1939.3, Shipped   ,3,8,2004,10,22,88.15, S700_3505  ," ""Royal Canadian Collectables Ltd."" "
10295, 9/10/2004 0:00 ,3473.78, Shipped   ,3,9,2004,5,34,100.0, S700_3505  , Gifts4AllAges.com                   
10306, 10/14/2004 0:00,2884.8, Shipped   ,4,10,2004,4,32,90.15, S700_3505  ," ""AV Stores Co.""                    "
10315, 10/29/2004 0:00,2670.65, Shipped   ,4,10,2004,3,31,86.15, S700_3505  , La Rochelle Gifts                   
10327, 11/10/2004 0:00,3440.0, Resolved  ,4,11,2004,2,43,80.0, S700_3505  , Danish Wholesale Imports            
10337, 11/21/2004 0:00,2770.78, Shipped   ,4,11,2004,1,31,89.38, S700_3505  , Classic Legends Inc.                
10350, 12/2/2004 0:00 ,2397.54, Shipped   ,4,12,2004,13,31,77.34, S700_3505  , Euro Shopping Channel               
10208, 1/2/2004 0:00  ,2818.53, Shipped   ,1,1,2004,5,33,85.41, S700_3962  ," ""Saveley & Henriot Co.""            "
10222, 2/19/2004 0:00 ,2955.54, Shipped   ,1,2,2004,17,31,95.34, S700_3962  , Collectable Mini Designs Co.        
10232, 3/20/2004 0:00 ,2885.05, Shipped   ,1,3,2004,2,35,82.43, S700_3962  , giftsbymail.co.uk                   
10248, 5/7/2004 0:00  ,3162.95, Cancelled ,2,5,2004,8,35,90.37, S700_3962  , Land of Toys Inc.                   
10261, 6/17/2004 0:00 ,4071.5, Shipped   ,2,6,2004,6,50,81.43, S700_3962  , Quebec Home Shopping Network        
10273, 7/21/2004 0:00 ,2969.46, Shipped   ,3,7,2004,9,26,100.0, S700_3962  , Petit Auto                          
10283, 8/20/2004 0:00 ,3396.44, Shipped   ,3,8,2004,11,38,89.38, S700_3962  ," ""Royal Canadian Collectables Ltd."" "
10294, 9/10/2004 0:00 ,4692.6, Shipped   ,3,9,2004,1,45,100.0, S700_3962  , Online Mini Collectables            
10306, 10/14/2004 0:00,3515.7, Shipped   ,4,10,2004,5,30,100.0, S700_3962  ," ""AV Stores Co.""                    "
10315, 10/29/2004 0:00,3380.69, Shipped   ,4,10,2004,4,37,91.37, S700_3962  , La Rochelle Gifts                   
10327, 11/10/2004 0:00,3204.57, Resolved  ,4,11,2004,3,37,86.61, S700_3962  , Danish Wholesale Imports            
10337, 11/21/2004 0:00,2588.04, Shipped   ,4,11,2004,7,36,71.89, S700_3962  , Classic Legends Inc.                
10350, 12/2/2004 0:00 ,2854.75, Shipped   ,4,12,2004,16,25,100.0, S700_3962  , Euro Shopping Channel               
10210, 1/12/2004 0:00 ,2953.86, Shipped   ,1,1,2004,15,42,70.33, S700_4002  , Osaka Souveniers Co.                
10222, 2/19/2004 0:00 ,3183.29, Shipped   ,1,2,2004,2,43,74.03, S700_4002  , Collectable Mini Designs Co.        
10235, 4/2/2004 0:00  ,2466.7, Shipped   ,2,4,2004,11,34,72.55, S700_4002  ," ""Royal Canadian Collectables Ltd."" "
10250, 5/11/2004 0:00 ,2363.22, Shipped   ,2,5,2004,12,38,62.19, S700_4002  , The Sharp Gifts Warehouse           
10262, 6/24/2004 0:00 ,2487.45, Cancelled ,2,6,2004,7,35,71.07, S700_4002  , Euro Shopping Channel               
10275, 7/23/2004 0:00 ,2249.05, Shipped   ,3,7,2004,17,31,72.55, S700_4002  , La Rochelle Gifts                   
10284, 8/21/2004 0:00 ,2061.12, Shipped   ,3,8,2004,9,32,64.41, S700_4002  ," ""Norway Gifts By Mail Co.""         "
10296, 9/15/2004 0:00 ,4071.14, Shipped   ,3,9,2004,5,47,86.62, S700_4002  ," ""Bavarian Collectables Imports Co."""
10308, 10/15/2004 0:00,2656.29, Shipped   ,4,10,2004,15,39,68.11, S700_4002  , Mini Classics                       
10316, 11/1/2004 0:00 ,2736.36, Shipped   ,4,11,2004,7,44,62.19, S700_4002  , giftsbymail.co.uk                   
10328, 11/12/2004 0:00,3348.93, Shipped   ,4,11,2004,12,39,85.87, S700_4002  , Rovelli Gifts                       
10339, 11/23/2004 0:00,2893.0, Shipped   ,4,11,2004,8,50,57.86, S700_4002  ," ""Tokyo Collectables Ltd""           "
10352, 12/3/2004 0:00 ,1661.22, Shipped   ,4,12,2004,1,22,75.51, S700_4002  , Auto-Moto Classics Inc.             
10361, 12/17/2004 0:00,4277.35, Shipped   ,4,12,2004,11,35,100.0, S700_4002  , Souveniers And Things Co.           
10209, 1/9/2004 0:00  ,2145.12, Shipped   ,1,1,2004,3,48,44.69, S72_1253   ," ""Men 'R' US Retailers Ltd.""        "
10222, 2/19/2004 0:00 ,1416.39, Shipped   ,1,2,2004,7,31,45.69, S72_1253   , Collectable Mini Designs Co.        
10249, 5/8/2004 0:00  ,1843.52, Shipped   ,2,5,2004,3,32,57.61, S72_1253   , Cambridge Collectables Co.          
10262, 6/24/2004 0:00 ,1199.31, Cancelled ,2,6,2004,12,21,57.11, S72_1253   , Euro Shopping Channel               
10274, 7/21/2004 0:00 ,1875.2, Shipped   ,3,7,2004,4,32,58.6, S72_1253   , Collectables For Less Inc.          
10283, 8/20/2004 0:00 ,2477.23, Shipped   ,3,8,2004,1,43,57.61, S72_1253   ," ""Royal Canadian Collectables Ltd."" "
10296, 9/15/2004 0:00 ,948.99, Shipped   ,3,9,2004,10,21,45.19, S72_1253   ," ""Bavarian Collectables Imports Co."""
10307, 10/14/2004 0:00,1823.42, Shipped   ,4,10,2004,4,34,53.63, S72_1253   ," ""Classic Gift Ideas Inc""           "
10316, 11/1/2004 0:00 ,1485.8, Shipped   ,4,11,2004,12,34,43.7, S72_1253   , giftsbymail.co.uk                   
10329, 11/15/2004 0:00,3789.72, Shipped   ,4,11,2004,8,44,86.13, S72_1253   , Land of Toys Inc.                   
10339, 11/23/2004 0:00,2060.37, Shipped   ,4,11,2004,6,27,76.31, S72_1253   ," ""Tokyo Collectables Ltd""           "
10352, 12/3/2004 0:00 ,2579.36, Shipped   ,4,12,2004,4,49,52.64, S72_1253   , Auto-Moto Classics Inc.             
10361, 12/17/2004 0:00,2189.6, Shipped   ,4,12,2004,12,23,95.2, S72_1253   , Souveniers And Things Co.           
10208, 1/2/2004 0:00  ,2682.96, Shipped   ,1,1,2004,6,42,63.88, S72_3212   ," ""Saveley & Henriot Co.""            "
10222, 2/19/2004 0:00 ,2280.24, Shipped   ,1,2,2004,18,36,63.34, S72_3212   , Collectable Mini Designs Co.        
10232, 3/20/2004 0:00 ,1192.56, Shipped   ,1,3,2004,3,24,49.69, S72_3212   , giftsbymail.co.uk                   
10248, 5/7/2004 0:00  ,1506.96, Cancelled ,2,5,2004,9,23,65.52, S72_3212   , Land of Toys Inc.                   
10261, 6/17/2004 0:00 ,1472.62, Shipped   ,2,6,2004,7,29,50.78, S72_3212   , Quebec Home Shopping Network        
10273, 7/21/2004 0:00 ,1696.82, Shipped   ,3,7,2004,10,37,45.86, S72_3212   , Petit Auto                          
10283, 8/20/2004 0:00 ,1693.56, Shipped   ,3,8,2004,12,33,51.32, S72_3212   ," ""Royal Canadian Collectables Ltd."" "
10293, 9/9/2004 0:00  ,1921.92, Shipped   ,3,9,2004,1,32,60.06, S72_3212   , Amica Models & Co.                  
10306, 10/14/2004 0:00,2082.85, Shipped   ,4,10,2004,6,35,59.51, S72_3212   ," ""AV Stores Co.""                    "
10315, 10/29/2004 0:00,2227.6, Shipped   ,4,10,2004,5,40,55.69, S72_3212   , La Rochelle Gifts                   
10327, 11/10/2004 0:00,3209.38, Resolved  ,4,11,2004,4,37,86.74, S72_3212   , Danish Wholesale Imports            
10337, 11/21/2004 0:00,4080.72, Shipped   ,4,11,2004,5,42,97.16, S72_3212   , Classic Legends Inc.                
10350, 12/2/2004 0:00 ,2244.4, Shipped   ,4,12,2004,15,20,100.0, S72_3212   , Euro Shopping Channel               
